<?xml version="1.0" encoding="UTF-8"?>
<!DOCTYPE html PUBLIC "-//W3C//DTD XHTML 1.0 Transitional//EN"
    "http://www.w3.org/TR/xhtml1/DTD/xhtml1-transitional.dtd">
<html xmlns="http://www.w3.org/1999/xhtml" xml:lang="en" lang="en">
 <head>
  <title>
</title>
<meta http-equiv="Content-Type" content="text/html;charset=utf-8" />
  <meta name='ocr-system' content='tesseract 3.04.00' />
  <meta name='ocr-capabilities' content='ocr_page ocr_carea ocr_par ocr_line ocrx_word'/>
</head>
<body>
  <div class='ocr_page' id='page_1' title='image "./quinticurtiiruf04rufugoog_0279.png"; bbox 0 0 3222 4944; ppageno 0'>
   <div class='ocr_carea' id='block_1_1' title="bbox 899 415 2132 494">
    <p class='ocr_par' dir='ltr' id='par_1_1' title="bbox 899 415 2132 494">
     <span class='ocr_line' id='line_1_1' title="bbox 899 415 2132 494; baseline -0.001 -16"><span class='ocrx_word' id='word_1_1' title='bbox 899 436 965 494; x_wconf 80' lang='lat' dir='ltr'>Q.</span> <span class='ocrx_word' id='word_1_2' title='bbox 1012 415 1497 481; x_wconf 71' lang='lat' dir='ltr'>cun‘rn&#39;num</span> <span class='ocrx_word' id='word_1_3' title='bbox 1546 430 1694 481; x_wconf 75' lang='lat' dir='ltr'>mn.</span> <span class='ocrx_word' id='word_1_4' title='bbox 1741 430 1821 479; x_wconf 81' lang='lat' dir='ltr'>x.</span> <span class='ocrx_word' id='word_1_5' title='bbox 1865 430 2028 479; x_wconf 58' lang='lat' dir='ltr'>cst».</span> <span class='ocrx_word' id='word_1_6' title='bbox 2067 418 2132 479; x_wconf 83' lang='lat'>5.</span> 
     </span>
    </p>
   </div>
   <div class='ocr_carea' id='block_1_2' title="bbox 386 572 1453 4317">
    <p class='ocr_par' dir='ltr' id='par_1_2' title="bbox 406 572 1453 1017">
     <span class='ocr_line' id='line_1_2' title="bbox 414 572 1453 635; baseline -0.002 -10"><span class='ocrx_word' id='word_1_7' title='bbox 414 576 522 627; x_wconf 89' lang='lat' dir='ltr'>ceri</span> <span class='ocrx_word' id='word_1_8' title='bbox 544 575 645 624; x_wconf 84' lang='lat' dir='ltr'>mei</span> <span class='ocrx_word' id='word_1_9' title='bbox 663 579 839 625; x_wconf 83' lang='lat' dir='ltr'>notem</span> <span class='ocrx_word' id='word_1_10' title='bbox 860 572 993 623; x_wconf 79' lang='lat' dir='ltr'>vide.</span> <span class='ocrx_word' id='word_1_11' title='bbox 1058 575 1337 625; x_wconf 84' lang='lat' dir='ltr'>Loccenins</span> <span class='ocrx_word' id='word_1_12' title='bbox 1360 574 1453 635; x_wconf 86' lang='lat' dir='ltr'>ait,</span> 
     </span>
     <span class='ocr_line' id='line_1_3' title="bbox 406 649 1453 712; baseline -0.002 -11"><span class='ocrx_word' id='word_1_13' title='bbox 406 666 589 706; x_wconf 74' lang='lat' dir='ltr'>omnes</span> <span class='ocrx_word' id='word_1_14' title='bbox 630 654 756 703; x_wconf 82' lang='lat' dir='ltr'>istss</span> <span class='ocrx_word' id='word_1_15' title='bbox 790 665 939 701; x_wconf 83' lang='lat' dir='ltr'>voces</span> <span class='ocrx_word' id='word_1_16' title='bbox 980 651 1163 701; x_wconf 83' lang='lat' dir='ltr'>eodem</span> <span class='ocrx_word' id='word_1_17' title='bbox 1201 649 1453 712; x_wconf 84' lang='lat' dir='ltr'>recidere,</span> 
     </span>
     <span class='ocr_line' id='line_1_4' title="bbox 410 724 1451 789; baseline -0.005 -11"><span class='ocrx_word' id='word_1_18' title='bbox 410 742 508 778; x_wconf 83' lang='lat' dir='ltr'>nec</span> <span class='ocrx_word' id='word_1_19' title='bbox 527 741 651 777; x_wconf 77' lang='lat' dir='ltr'>sene</span> <span class='ocrx_word' id='word_1_20' title='bbox 671 727 882 775; x_wconf 80' lang='lat' dir='ltr'>inultum</span> <span class='ocrx_word' id='word_1_21' title='bbox 916 726 1163 774; x_wconf 73' lang='lat' dir='ltr'>lutei-est:</span> <span class='ocrx_word' id='word_1_22' title='bbox 1196 726 1294 773; x_wconf 85' lang='lat' dir='ltr'>nisi</span> <span class='ocrx_word' id='word_1_23' title='bbox 1315 724 1451 789; x_wconf 84' lang='lat' dir='ltr'>quod</span> 
     </span>
     <span class='ocr_line' id='line_1_5' title="bbox 408 800 1451 867; baseline -0.003 -15"><span class='ocrx_word' id='word_1_24' title='bbox 408 802 841 867; x_wconf 75' lang='lat' dir='ltr'>interpretatione</span> <span class='ocrx_word' id='word_1_25' title='bbox 880 814 970 849; x_wconf 86' lang='lat' dir='ltr'>sua</span> <span class='ocrx_word' id='word_1_26' title='bbox 1009 800 1244 849; x_wconf 83' lang='lat' dir='ltr'>Justinus</span> <span class='ocrx_word' id='word_1_27' title='bbox 1280 809 1451 849; x_wconf 85' lang='lat' dir='ltr'>osteu-</span> 
     </span>
     <span class='ocr_line' id='line_1_6' title="bbox 410 876 1451 939; baseline -0.004 -12"><span class='ocrx_word' id='word_1_28' title='bbox 410 877 508 939; x_wconf 81' lang='lat' dir='ltr'>dit,</span> <span class='ocrx_word' id='word_1_29' title='bbox 539 893 595 927; x_wconf 88' lang='lat' dir='ltr'>se</span> <span class='ocrx_word' id='word_1_30' title='bbox 612 891 783 927; x_wconf 83' lang='lat' dir='ltr'>verum</span> <span class='ocrx_word' id='word_1_31' title='bbox 806 876 915 939; x_wconf 85' lang='lat' dir='ltr'>ejus</span> <span class='ocrx_word' id='word_1_32' title='bbox 937 876 1076 925; x_wconf 84' lang='lat' dir='ltr'>vocis</span> <span class='ocrx_word' id='word_1_33' title='bbox 1110 890 1314 925; x_wconf 86' lang='lat' dir='ltr'>sensum</span> <span class='ocrx_word' id='word_1_34' title='bbox 1348 888 1451 925; x_wconf 85' lang='lat' dir='ltr'>non</span> 
     </span>
     <span class='ocr_line' id='line_1_7' title="bbox 408 952 970 1017; baseline 0 -14"><span class='ocrx_word' id='word_1_35' title='bbox 408 955 723 1017; x_wconf 79' lang='lat' dir='ltr'>percepisse.</span> <span class='ocrx_word' id='word_1_36' title='bbox 748 952 970 1004; x_wconf 59' lang='lat' dir='ltr'>Freinsh-</span> 
     </span>
    </p>

    <p class='ocr_par' dir='ltr' id='par_1_3' title="bbox 394 1025 1452 1164">
     <span class='ocr_line' id='line_1_8' title="bbox 476 1025 1452 1091; baseline -0.004 -12"><span class='ocrx_word' id='word_1_37' title='bbox 476 1028 843 1090; x_wconf 70' lang='lat' dir='ltr'>Prouiderejm</span> <span class='ocrx_word' id='word_1_38' title='bbox 860 1028 934 1090; x_wconf 82' lang='lat' dir='ltr'>se]</span> <span class='ocrx_word' id='word_1_39' title='bbox 974 1026 1163 1091; x_wconf 76' lang='lat' dir='ltr'>Vulgo,</span> <span class='ocrx_word' id='word_1_40' title='bbox 1191 1025 1452 1090; x_wconf 67' lang='lat' dir='ltr'>previdere</span> 
     </span>
     <span class='ocr_line' id='line_1_9' title="bbox 394 1102 771 1164; baseline -0.003 -12"><span class='ocrx_word' id='word_1_41' title='bbox 394 1102 518 1164; x_wconf 71' lang='lat' dir='ltr'>jusi.</span> <span class='ocrx_word' id='word_1_42' title='bbox 549 1103 771 1153; x_wconf 83' lang='lat' dir='ltr'>Medius.</span> 
     </span>
    </p>

    <p class='ocr_par' dir='ltr' id='par_1_4' title="bbox 392 1175 1451 1617">
     <span class='ocr_line' id='line_1_10' title="bbox 472 1175 1449 1240; baseline -0.006 -11"><span class='ocrx_word' id='word_1_43' title='bbox 472 1178 708 1229; x_wconf 69' lang='lat' dir='ltr'>Funebres</span> <span class='ocrx_word' id='word_1_44' title='bbox 729 1178 888 1240; x_wconf 75' lang='lat' dir='ltr'>ludos]</span> <span class='ocrx_word' id='word_1_45' title='bbox 916 1176 1063 1227; x_wconf 81' lang='lat' dir='ltr'>Belle</span> <span class='ocrx_word' id='word_1_46' title='bbox 1083 1177 1255 1225; x_wconf 75' lang='lat' dir='ltr'>civilis</span> <span class='ocrx_word' id='word_1_47' title='bbox 1279 1175 1344 1224; x_wconf 77' lang='lat' dir='ltr'>nd</span> <span class='ocrx_word' id='word_1_48' title='bbox 1372 1176 1449 1223; x_wconf 86' lang='lat' dir='ltr'>in·</span> 
     </span>
     <span class='ocr_line' id='line_1_11' title="bbox 406 1250 1451 1315; baseline -0.005 -12"><span class='ocrx_word' id='word_1_49' title='bbox 406 1254 751 1303; x_wconf 85' lang='lat' dir='ltr'>ternecionem</span> <span class='ocrx_word' id='word_1_50' title='bbox 774 1262 895 1315; x_wconf 80' lang='lat' dir='ltr'>post</span> <span class='ocrx_word' id='word_1_51' title='bbox 926 1259 1141 1301; x_wconf 86' lang='lat' dir='ltr'>mortem</span> <span class='ocrx_word' id='word_1_52' title='bbox 1168 1250 1451 1301; x_wconf 75' lang='lat' dir='ltr'>Alexandri</span> 
     </span>
     <span class='ocr_line' id='line_1_12' title="bbox 400 1326 1448 1391; baseline -0.005 -13"><span class='ocrx_word' id='word_1_53' title='bbox 400 1328 539 1378; x_wconf 86' lang='lat' dir='ltr'>inter</span> <span class='ocrx_word' id='word_1_54' title='bbox 558 1328 717 1379; x_wconf 87' lang='lat' dir='ltr'>duces</span> <span class='ocrx_word' id='word_1_55' title='bbox 736 1334 898 1391; x_wconf 73' lang='lat' dir='ltr'>geste.</span> <span class='ocrx_word' id='word_1_56' title='bbox 962 1327 1216 1390; x_wconf 73' lang='lat' dir='ltr'>Respexit</span> <span class='ocrx_word' id='word_1_57' title='bbox 1239 1326 1448 1375; x_wconf 89' lang='lat' dir='ltr'>Curtius</span> 
     </span>
     <span class='ocr_line' id='line_1_13' title="bbox 398 1399 1446 1465; baseline -0.004 -12"><span class='ocrx_word' id='word_1_58' title='bbox 398 1404 467 1453; x_wconf 75' lang='lat' dir='ltr'>nd</span> <span class='ocrx_word' id='word_1_59' title='bbox 488 1406 771 1454; x_wconf 80' lang='lat' dir='ltr'>Romanum</span> <span class='ocrx_word' id='word_1_60' title='bbox 802 1416 1017 1465; x_wconf 85' lang='lat' dir='ltr'>morem,</span> <span class='ocrx_word' id='word_1_61' title='bbox 1052 1415 1151 1465; x_wconf 83' lang='lat' dir='ltr'>quo</span> <span class='ocrx_word' id='word_1_62' title='bbox 1177 1403 1227 1449; x_wconf 89' lang='lat' dir='ltr'>iu</span> <span class='ocrx_word' id='word_1_63' title='bbox 1250 1399 1446 1449; x_wconf 81' lang='lat' dir='ltr'>funeri-</span> 
     </span>
     <span class='ocr_line' id='line_1_14' title="bbox 400 1477 1448 1543; baseline -0.004 -14"><span class='ocrx_word' id='word_1_64' title='bbox 400 1479 497 1530; x_wconf 86' lang='lat' dir='ltr'>bus</span> <span class='ocrx_word' id='word_1_65' title='bbox 518 1480 829 1543; x_wconf 70' lang='lat' dir='ltr'>gladiatores</span> <span class='ocrx_word' id='word_1_66' title='bbox 844 1479 908 1527; x_wconf 81' lang='lat' dir='ltr'>sd</span> <span class='ocrx_word' id='word_1_67' title='bbox 926 1492 1101 1541; x_wconf 73' lang='lat' dir='ltr'>rogum</span> <span class='ocrx_word' id='word_1_68' title='bbox 1120 1477 1448 1527; x_wconf 85' lang='lat' dir='ltr'>dimicabant.</span> 
     </span>
     <span class='ocr_line' id='line_1_15' title="bbox 392 1552 1277 1617; baseline -0.006 -12"><span class='ocrx_word' id='word_1_69' title='bbox 392 1556 448 1605; x_wconf 76' lang='lat' dir='ltr'>-v</span> <span class='ocrx_word' id='word_1_70' title='bbox 451 1554 535 1605; x_wconf 87' lang='lat' dir='ltr'>ide</span> <span class='ocrx_word' id='word_1_71' title='bbox 556 1556 701 1617; x_wconf 86' lang='lat' dir='ltr'>Lips.</span> <span class='ocrx_word' id='word_1_72' title='bbox 721 1554 929 1603; x_wconf 74' lang='lat' dir='ltr'>Suturn.</span> <span class='ocrx_word' id='word_1_73' title='bbox 952 1566 995 1601; x_wconf 86' lang='grc' dir='ltr'>ι.</span> <span class='ocrx_word' id='word_1_74' title='bbox 1016 1556 1065 1601; x_wconf 90' lang='grc'>8.</span> <span class='ocrx_word' id='word_1_75' title='bbox 1102 1552 1277 1600; x_wconf 75' lang='lat' dir='ltr'>Cellar.</span> 
     </span>
    </p>

    <p class='ocr_par' dir='ltr' id='par_1_5' title="bbox 386 1625 1448 4317">
     <span class='ocr_line' id='line_1_16' title="bbox 464 1625 1445 1693; baseline -0.002 -15"><span class='ocrx_word' id='word_1_76' title='bbox 464 1631 493 1693; x_wconf 83' lang='lat'>§</span> <span class='ocrx_word' id='word_1_77' title='bbox 521 1634 555 1679; x_wconf 88' lang='grc'><strong>6</strong></span> <span class='ocrx_word' id='word_1_78' title='bbox 594 1626 966 1689; x_wconf 66' lang='lat' dir='ltr'>Exstinguitar]</span> <span class='ocrx_word' id='word_1_79' title='bbox 1003 1628 1141 1675; x_wconf 86' lang='lat' dir='ltr'>Dum</span> <span class='ocrx_word' id='word_1_80' title='bbox 1173 1625 1445 1676; x_wconf 82' lang='lat' dir='ltr'>duodecim</span> 
     </span>
     <span class='ocr_line' id='line_1_17' title="bbox 399 1702 1448 1768; baseline -0.004 -13"><span class='ocrx_word' id='word_1_81' title='bbox 399 1718 559 1755; x_wconf 71' lang='lat' dir='ltr'>annos</span> <span class='ocrx_word' id='word_1_82' title='bbox 596 1710 884 1768; x_wconf 72' lang='lat' dir='ltr'>regnasset,</span> <span class='ocrx_word' id='word_1_83' title='bbox 926 1711 985 1753; x_wconf 86' lang='lat' dir='ltr'>ut</span> <span class='ocrx_word' id='word_1_84' title='bbox 1016 1702 1207 1752; x_wconf 77' lang='lat' dir='ltr'>docent</span> <span class='ocrx_word' id='word_1_85' title='bbox 1237 1703 1448 1751; x_wconf 77' lang='lat' dir='ltr'>oracula</span> 
     </span>
     <span class='ocr_line' id='line_1_18' title="bbox 396 1773 1446 1840; baseline -0.004 -10"><span class='ocrx_word' id='word_1_86' title='bbox 396 1795 549 1834; x_wconf 70' lang='lat' dir='ltr'>sacre</span> <span class='ocrx_word' id='word_1_87' title='bbox 565 1773 804 1830; x_wconf 75' lang='lat' dir='ltr'>Macb‘ab.</span> <span class='ocrx_word' id='word_1_88' title='bbox 823 1794 861 1829; x_wconf 93' lang='grc' dir='ltr'>ι.</span> <span class='ocrx_word' id='word_1_89' title='bbox 878 1782 925 1829; x_wconf 90' lang='grc'>1.</span> <span class='ocrx_word' id='word_1_90' title='bbox 945 1783 993 1828; x_wconf 93' lang='grc'>8.</span> <span class='ocrx_word' id='word_1_91' title='bbox 1027 1778 1084 1829; x_wconf 84' lang='lat' dir='ltr'>S.</span> <span class='ocrx_word' id='word_1_92' title='bbox 1101 1778 1446 1840; x_wconf 71' lang='lat' dir='ltr'>Hieronymus</span> 
     </span>
     <span class='ocr_line' id='line_1_19' title="bbox 396 1852 1444 1907; baseline -0.004 -1"><span class='ocrx_word' id='word_1_93' title='bbox 396 1856 461 1906; x_wconf 82' lang='lat' dir='ltr'>ad</span> <span class='ocrx_word' id='word_1_94' title='bbox 484 1870 547 1907; x_wconf 88' lang='grc' dir='ltr'>ιι.</span> <span class='ocrx_word' id='word_1_95' title='bbox 581 1856 787 1906; x_wconf 81' lang='lat' dir='ltr'>Daniel.</span> <span class='ocrx_word' id='word_1_96' title='bbox 819 1855 1125 1905; x_wconf 78' lang='lat' dir='ltr'>Tei-tullian.</span> <span class='ocrx_word' id='word_1_97' title='bbox 1151 1861 1333 1903; x_wconf 81' lang='lat' dir='ltr'>contra</span> <span class='ocrx_word' id='word_1_98' title='bbox 1350 1852 1444 1904; x_wconf 86' lang='lat' dir='ltr'>Ju-</span> 
     </span>
     <span class='ocr_line' id='line_1_20' title="bbox 395 1930 1443 1995; baseline -0.006 -14"><span class='ocrx_word' id='word_1_99' title='bbox 395 1930 539 1981; x_wconf 74' lang='lat' dir='ltr'>dseos</span> <span class='ocrx_word' id='word_1_100' title='bbox 570 1944 685 1995; x_wconf 73' lang='lat' dir='ltr'>cap.</span> <span class='ocrx_word' id='word_1_101' title='bbox 718 1936 767 1981; x_wconf 84' lang='grc'>8.</span> <span class='ocrx_word' id='word_1_102' title='bbox 798 1943 899 1979; x_wconf 86' lang='lat' dir='ltr'>non</span> <span class='ocrx_word' id='word_1_103' title='bbox 937 1930 1112 1993; x_wconf 84' lang='lat' dir='ltr'>plures</span> <span class='ocrx_word' id='word_1_104' title='bbox 1154 1932 1443 1983; x_wconf 79' lang='lat' dir='ltr'>numerent,</span> 
     </span>
     <span class='ocr_line' id='line_1_21' title="bbox 390 2003 1442 2057; baseline -0.004 -2"><span class='ocrx_word' id='word_1_105' title='bbox 390 2020 492 2057; x_wconf 85' lang='lat' dir='ltr'>nec</span> <span class='ocrx_word' id='word_1_106' title='bbox 508 2020 729 2056; x_wconf 87' lang='lat' dir='ltr'>mensem</span> <span class='ocrx_word' id='word_1_107' title='bbox 742 2004 963 2055; x_wconf 69' lang='lat' dir='ltr'>addunt.</span> <span class='ocrx_word' id='word_1_108' title='bbox 996 2003 1162 2054; x_wconf 86' lang='lat' dir='ltr'>Addit</span> <span class='ocrx_word' id='word_1_109' title='bbox 1178 2004 1325 2052; x_wconf 80' lang='lat' dir='ltr'>anuis</span> <span class='ocrx_word' id='word_1_110' title='bbox 1341 2016 1442 2051; x_wconf 74' lang='grc' dir='ltr'><strong>ιιι.</strong></span> 
     </span>
     <span class='ocr_line' id='line_1_22' title="bbox 391 2081 1439 2141; baseline -0.004 -11"><span class='ocrx_word' id='word_1_111' title='bbox 391 2081 550 2130; x_wconf 82' lang='lat' dir='ltr'>Sicul.</span> <span class='ocrx_word' id='word_1_112' title='bbox 590 2093 730 2129; x_wconf 84' lang='lat' dir='ltr'>xvn.</span> <span class='ocrx_word' id='word_1_113' title='bbox 772 2082 885 2128; x_wconf 94' lang='grc'><strong>117.</strong></span> <span class='ocrx_word' id='word_1_114' title='bbox 940 2092 1141 2127; x_wconf 87' lang='lat' dir='ltr'>menses</span> <span class='ocrx_word' id='word_1_115' title='bbox 1202 2084 1439 2141; x_wconf 76' lang='lat' dir='ltr'>septemz</span> 
     </span>
     <span class='ocr_line' id='line_1_23' title="bbox 391 2150 1441 2216; baseline -0.003 -12"><span class='ocrx_word' id='word_1_116' title='bbox 391 2154 519 2204; x_wconf 86' lang='lat' dir='ltr'>item</span> <span class='ocrx_word' id='word_1_117' title='bbox 553 2153 913 2216; x_wconf 72' lang='lat' dir='ltr'>olympiadum</span> <span class='ocrx_word' id='word_1_118' title='bbox 952 2151 1238 2214; x_wconf 80' lang='lat' dir='ltr'>descriptio</span> <span class='ocrx_word' id='word_1_119' title='bbox 1274 2152 1329 2201; x_wconf 88' lang='lat' dir='ltr'>in</span> <span class='ocrx_word' id='word_1_120' title='bbox 1367 2150 1441 2201; x_wconf 84' lang='grc'>0-</span> 
     </span>
     <span class='ocr_line' id='line_1_24' title="bbox 392 2226 1441 2292; baseline -0.002 -15"><span class='ocrx_word' id='word_1_121' title='bbox 392 2229 551 2292; x_wconf 74' lang='lat' dir='ltr'>lymp.</span> <span class='ocrx_word' id='word_1_122' title='bbox 576 2231 689 2277; x_wconf 86' lang='grc'><strong>114.</strong></span> <span class='ocrx_word' id='word_1_123' title='bbox 708 2240 841 2275; x_wconf 79' lang='lat' dir='ltr'>auno</span> <span class='ocrx_word' id='word_1_124' title='bbox 864 2227 1051 2290; x_wconf 74' lang='lat' dir='ltr'>primm</span> <span class='ocrx_word' id='word_1_125' title='bbox 1099 2226 1364 2288; x_wconf 86' lang='lat' dir='ltr'>Lamprid.</span> <span class='ocrx_word' id='word_1_126' title='bbox 1388 2227 1441 2275; x_wconf 92' lang='lat' dir='ltr'>in</span> 
     </span>
     <span class='ocr_line' id='line_1_25' title="bbox 392 2301 1441 2367; baseline -0.002 -14"><span class='ocrx_word' id='word_1_127' title='bbox 392 2302 697 2363; x_wconf 74' lang='lat' dir='ltr'>‚Alexandro</span> <span class='ocrx_word' id='word_1_128' title='bbox 718 2317 833 2366; x_wconf 74' lang='lat' dir='ltr'>cup.</span> <span class='ocrx_word' id='word_1_129' title='bbox 854 2308 903 2352; x_wconf 80' lang='grc'>5.</span> <span class='ocrx_word' id='word_1_130' title='bbox 941 2301 1057 2367; x_wconf 88' lang='lat' dir='ltr'>(nbi</span> <span class='ocrx_word' id='word_1_131' title='bbox 1080 2302 1441 2365; x_wconf 80' lang='lat' dir='ltr'>Cassubonus)</span> 
     </span>
     <span class='ocr_line' id='line_1_26' title="bbox 389 2376 1443 2447; baseline -0.002 -19"><span class='ocrx_word' id='word_1_132' title='bbox 389 2393 457 2447; x_wconf 28' lang='lat' dir='ltr'>*eo</span> <span class='ocrx_word' id='word_1_133' title='bbox 480 2378 565 2427; x_wconf 91' lang='lat' dir='ltr'>die</span> <span class='ocrx_word' id='word_1_134' title='bbox 587 2378 869 2428; x_wconf 79' lang='lat' dir='ltr'>decessisse</span> <span class='ocrx_word' id='word_1_135' title='bbox 890 2377 983 2437; x_wconf 76' lang='lat' dir='ltr'>eit,</span> <span class='ocrx_word' id='word_1_136' title='bbox 1013 2390 1115 2441; x_wconf 87' lang='lat' dir='ltr'>quo</span> <span class='ocrx_word' id='word_1_137' title='bbox 1147 2376 1443 2426; x_wconf 70' lang='lat' dir='ltr'>Alexander</span> 
     </span>
     <span class='ocr_line' id='line_1_27' title="bbox 387 2450 1443 2514; baseline -0.004 -10"><span class='ocrx_word' id='word_1_138' title='bbox 387 2452 611 2504; x_wconf 77' lang='lat' dir='ltr'>Severus</span> <span class='ocrx_word' id='word_1_139' title='bbox 632 2460 715 2503; x_wconf 84' lang='lat' dir='ltr'>est</span> <span class='ocrx_word' id='word_1_140' title='bbox 736 2456 905 2503; x_wconf 86' lang='lat' dir='ltr'>natus.</span> <span class='ocrx_word' id='word_1_141' title='bbox 968 2451 1056 2503; x_wconf 84' lang='lat' dir='ltr'>Jo.</span> <span class='ocrx_word' id='word_1_142' title='bbox 1090 2450 1284 2514; x_wconf 73' lang='lat' dir='ltr'>Georg.</span> <span class='ocrx_word' id='word_1_143' title='bbox 1306 2450 1443 2500; x_wconf 86' lang='lat' dir='ltr'>Her·</span> 
     </span>
     <span class='ocr_line' id='line_1_28' title="bbox 390 2521 1443 2596; baseline -0.001 -19"><span class='ocrx_word' id='word_1_144' title='bbox 390 2535 583 2577; x_wconf 70' lang='lat' dir='ltr'>wartus</span> <span class='ocrx_word' id='word_1_145' title='bbox 600 2527 771 2596; x_wconf 70' lang='lat' dir='ltr'>signat</span> <span class='ocrx_word' id='word_1_146' title='bbox 792 2521 858 2576; x_wconf 83' lang='lat' dir='ltr'>ex</span> <span class='ocrx_word' id='word_1_147' title='bbox 882 2527 1180 2589; x_wconf 71' lang='lat' dir='ltr'>Lampridio</span> <span class='ocrx_word' id='word_1_148' title='bbox 1202 2526 1313 2576; x_wconf 81' lang='lat' dir='ltr'>Cel.</span> <span class='ocrx_word' id='word_1_149' title='bbox 1337 2526 1443 2577; x_wconf 87' lang='lat' dir='ltr'>Oc·</span> 
     </span>
     <span class='ocr_line' id='line_1_29' title="bbox 390 2605 1443 2668; baseline -0.001 -14"><span class='ocrx_word' id='word_1_150' title='bbox 390 2605 575 2666; x_wconf 75' lang='lat' dir='ltr'>tobrie,</span> <span class='ocrx_word' id='word_1_151' title='bbox 606 2619 733 2668; x_wconf 83' lang='lat' dir='ltr'>quas</span> <span class='ocrx_word' id='word_1_152' title='bbox 760 2605 1082 2668; x_wconf 74' lang='lat' dir='ltr'>Lampridius</span> <span class='ocrx_word' id='word_1_153' title='bbox 1102 2619 1207 2654; x_wconf 88' lang='lat' dir='ltr'>non</span> <span class='ocrx_word' id='word_1_154' title='bbox 1230 2617 1443 2667; x_wconf 86' lang='lat' dir='ltr'>expres·</span> 
     </span>
     <span class='ocr_line' id='line_1_30' title="bbox 391 2679 1440 2729; baseline -0.002 0"><span class='ocrx_word' id='word_1_155' title='bbox 391 2681 479 2729; x_wconf 87' lang='lat' dir='ltr'>sit.</span> <span class='ocrx_word' id='word_1_156' title='bbox 526 2680 731 2729; x_wconf 74' lang='lat' dir='ltr'>Arrian-</span> <span class='ocrx_word' id='word_1_157' title='bbox 766 2691 868 2728; x_wconf 76' lang='lat' dir='ltr'>vu.</span> <span class='ocrx_word' id='word_1_158' title='bbox 911 2685 963 2728; x_wconf 82' lang='grc'>6.</span> <span class='ocrx_word' id='word_1_159' title='bbox 1008 2682 1088 2729; x_wconf 85' lang='grc'>17.</span> <span class='ocrx_word' id='word_1_160' title='bbox 1120 2679 1243 2728; x_wconf 74' lang='lat' dir='ltr'>vitae</span> <span class='ocrx_word' id='word_1_161' title='bbox 1280 2692 1440 2728; x_wconf 86' lang='lat' dir='ltr'>annos</span> 
     </span>
     <span class='ocr_line' id='line_1_31' title="bbox 391 2753 1440 2816; baseline 0.001 -14"><span class='ocrx_word' id='word_1_162' title='bbox 391 2765 583 2803; x_wconf 86' lang='lat' dir='ltr'>xxxu.</span> <span class='ocrx_word' id='word_1_163' title='bbox 618 2765 819 2802; x_wconf 85' lang='lat' dir='ltr'>menses</span> <span class='ocrx_word' id='word_1_164' title='bbox 863 2765 991 2804; x_wconf 80' lang='lat' dir='ltr'>vm.</span> <span class='ocrx_word' id='word_1_165' title='bbox 1023 2753 1170 2816; x_wconf 75' lang='lat' dir='ltr'>regni</span> <span class='ocrx_word' id='word_1_166' title='bbox 1212 2766 1294 2802; x_wconf 85' lang='lat' dir='ltr'>au.</span> <span class='ocrx_word' id='word_1_167' title='bbox 1335 2766 1440 2803; x_wconf 66' lang='grc' dir='ltr'><strong>ιιι.</strong></span> 
     </span>
     <span class='ocr_line' id='line_1_32' title="bbox 390 2826 1440 2878; baseline 0 -2"><span class='ocrx_word' id='word_1_168' title='bbox 390 2841 591 2878; x_wconf 84' lang='lat' dir='ltr'>menses</span> <span class='ocrx_word' id='word_1_169' title='bbox 614 2841 739 2876; x_wconf 77' lang='lat' dir='ltr'>vm.</span> <span class='ocrx_word' id='word_1_170' title='bbox 763 2826 959 2876; x_wconf 84' lang='lat' dir='ltr'>tribuit.</span> <span class='ocrx_word' id='word_1_171' title='bbox 1028 2827 1233 2876; x_wconf 85' lang='lat' dir='ltr'>Probus</span> <span class='ocrx_word' id='word_1_172' title='bbox 1262 2827 1313 2874; x_wconf 88' lang='lat' dir='ltr'>in</span> <span class='ocrx_word' id='word_1_173' title='bbox 1336 2827 1440 2876; x_wconf 83' lang='lat' dir='ltr'>Eu-</span> 
     </span>
     <span class='ocr_line' id='line_1_33' title="bbox 390 2903 1438 2953; baseline -0.003 0"><span class='ocrx_word' id='word_1_174' title='bbox 390 2917 559 2953; x_wconf 81' lang='lat' dir='ltr'>mene.</span> <span class='ocrx_word' id='word_1_175' title='bbox 614 2903 729 2952; x_wconf 81' lang='lat' dir='ltr'>Liv.</span> <span class='ocrx_word' id='word_1_176' title='bbox 749 2915 831 2952; x_wconf 78' lang='lat' dir='ltr'>rx.</span> <span class='ocrx_word' id='word_1_177' title='bbox 854 2907 933 2951; x_wconf 87' lang='grc'>19.</span> <span class='ocrx_word' id='word_1_178' title='bbox 957 2907 1037 2952; x_wconf 92' lang='grc'>10.</span> <span class='ocrx_word' id='word_1_179' title='bbox 1072 2907 1126 2952; x_wconf 89' lang='lat' dir='ltr'>et</span> <span class='ocrx_word' id='word_1_180' title='bbox 1165 2915 1292 2952; x_wconf 70' lang='lat' dir='ltr'>xcv.</span> <span class='ocrx_word' id='word_1_181' title='bbox 1315 2905 1365 2952; x_wconf 87' lang='grc'>9.</span> <span class='ocrx_word' id='word_1_182' title='bbox 1390 2905 1438 2952; x_wconf 74' lang='lat'>8.</span> 
     </span>
     <span class='ocr_line' id='line_1_34' title="bbox 390 2976 1437 3041; baseline -0.004 -13"><span class='ocrx_word' id='word_1_183' title='bbox 390 2992 550 3028; x_wconf 83' lang='lat' dir='ltr'>annos</span> <span class='ocrx_word' id='word_1_184' title='bbox 574 2991 700 3028; x_wconf 84' lang='lat' dir='ltr'>xm.</span> <span class='ocrx_word' id='word_1_185' title='bbox 731 2978 845 3028; x_wconf 87' lang='lat' dir='ltr'>Cic.</span> <span class='ocrx_word' id='word_1_186' title='bbox 869 2977 1101 3041; x_wconf 84' lang='lat' dir='ltr'>Philipp.</span> <span class='ocrx_word' id='word_1_187' title='bbox 1124 2992 1179 3027; x_wconf 81' lang='lat' dir='ltr'>v.</span> <span class='ocrx_word' id='word_1_188' title='bbox 1200 2979 1283 3027; x_wconf 90' lang='grc'>17.</span> <span class='ocrx_word' id='word_1_189' title='bbox 1314 2976 1437 3025; x_wconf 72' lang='lat' dir='ltr'>vitae</span> 
     </span>
     <span class='ocr_line' id='line_1_35' title="bbox 390 3050 1439 3116; baseline -0.002 -14"><span class='ocrx_word' id='word_1_190' title='bbox 390 3067 549 3104; x_wconf 78' lang='lat' dir='ltr'>annos</span> <span class='ocrx_word' id='word_1_191' title='bbox 571 3066 785 3103; x_wconf 76' lang='lat' dir='ltr'>xxxm-</span> <span class='ocrx_word' id='word_1_192' title='bbox 820 3053 1077 3116; x_wconf 73' lang='lat' dir='ltr'>assignat:</span> <span class='ocrx_word' id='word_1_193' title='bbox 1113 3050 1297 3116; x_wconf 86' lang='lat' dir='ltr'>quibus</span> <span class='ocrx_word' id='word_1_194' title='bbox 1317 3051 1439 3102; x_wconf 83' lang='lat' dir='ltr'>Jus-</span> 
     </span>
     <span class='ocr_line' id='line_1_36' title="bbox 389 3126 1438 3180; baseline -0.003 -2"><span class='ocrx_word' id='word_1_195' title='bbox 389 3129 485 3178; x_wconf 90' lang='lat' dir='ltr'>tin.</span> <span class='ocrx_word' id='word_1_196' title='bbox 504 3141 611 3180; x_wconf 83' lang='lat' dir='ltr'>xn.</span> <span class='ocrx_word' id='word_1_197' title='bbox 634 3133 715 3178; x_wconf 94' lang='grc'>16.</span> <span class='ocrx_word' id='word_1_198' title='bbox 732 3132 777 3177; x_wconf 89' lang='grc'>1.</span> <span class='ocrx_word' id='word_1_199' title='bbox 798 3141 1025 3178; x_wconf 83' lang='lat' dir='ltr'>mensem</span> <span class='ocrx_word' id='word_1_200' title='bbox 1047 3126 1211 3176; x_wconf 84' lang='lat' dir='ltr'>addit.</span> <span class='ocrx_word' id='word_1_201' title='bbox 1278 3128 1438 3177; x_wconf 85' lang='lat' dir='ltr'>Euse-</span> 
     </span>
     <span class='ocr_line' id='line_1_37' title="bbox 388 3201 1437 3264; baseline -0.001 -10"><span class='ocrx_word' id='word_1_202' title='bbox 388 3201 502 3254; x_wconf 88' lang='lat' dir='ltr'>bius</span> <span class='ocrx_word' id='word_1_203' title='bbox 526 3216 709 3254; x_wconf 86' lang='lat' dir='ltr'>xxxn.</span> <span class='ocrx_word' id='word_1_204' title='bbox 731 3203 823 3252; x_wconf 84' lang='lat' dir='ltr'>dat</span> <span class='ocrx_word' id='word_1_205' title='bbox 856 3203 1018 3264; x_wconf 76' lang='lat' dir='ltr'>aetsti,</span> <span class='ocrx_word' id='word_1_206' title='bbox 1051 3202 1323 3252; x_wconf 86' lang='lat' dir='ltr'>duodecim</span> <span class='ocrx_word' id='word_1_207' title='bbox 1344 3203 1437 3253; x_wconf 88' lang='lat' dir='ltr'>im·</span> 
     </span>
     <span class='ocr_line' id='line_1_38' title="bbox 387 3275 1437 3342; baseline -0.003 -16"><span class='ocrx_word' id='word_1_208' title='bbox 387 3279 554 3342; x_wconf 85' lang='lat' dir='ltr'>perio.</span> <span class='ocrx_word' id='word_1_209' title='bbox 637 3277 879 3326; x_wconf 85' lang='lat' dir='ltr'>Clemens</span> <span class='ocrx_word' id='word_1_210' title='bbox 908 3275 1246 3324; x_wconf 83' lang='lat' dir='ltr'>Alexandrin.</span> <span class='ocrx_word' id='word_1_211' title='bbox 1280 3276 1368 3324; x_wconf 90' lang='lat' dir='ltr'>lib.</span> <span class='ocrx_word' id='word_1_212' title='bbox 1398 3291 1437 3326; x_wconf 89' lang='lat'>1.</span> 
     </span>
     <span class='ocr_line' id='line_1_39' title="bbox 388 3349 1439 3416; baseline -0.003 -14"><span class='ocrx_word' id='word_1_213' title='bbox 388 3349 736 3416; x_wconf 74' lang='lat' dir='ltr'>xviri-(111.)</span> <span class='ocrx_word' id='word_1_214' title='bbox 800 3349 1123 3412; x_wconf 85' lang='lat' dir='ltr'>Nicephorus</span> <span class='ocrx_word' id='word_1_215' title='bbox 1144 3350 1439 3400; x_wconf 83' lang='lat' dir='ltr'>Constanti·</span> 
     </span>
     <span class='ocr_line' id='line_1_40' title="bbox 388 3424 1438 3491; baseline -0.003 -14"><span class='ocrx_word' id='word_1_216' title='bbox 388 3426 625 3491; x_wconf 79' lang='lat' dir='ltr'>nop.det</span> <span class='ocrx_word' id='word_1_217' title='bbox 658 3424 734 3475; x_wconf 90' lang='lat' dir='ltr'>illi</span> <span class='ocrx_word' id='word_1_218' title='bbox 778 3438 937 3475; x_wconf 73' lang='lat' dir='ltr'>annos</span> <span class='ocrx_word' id='word_1_219' title='bbox 970 3425 1092 3474; x_wconf 79' lang='lat' dir='ltr'>vitae</span> <span class='ocrx_word' id='word_1_220' title='bbox 1134 3436 1315 3474; x_wconf 78' lang='lat' dir='ltr'>xxxv·</span> <span class='ocrx_word' id='word_1_221' title='bbox 1356 3425 1438 3474; x_wconf 82' lang='lat' dir='ltr'>vel</span> 
     </span>
     <span class='ocr_line' id='line_1_41' title="bbox 389 3499 1440 3569; baseline -0.003 -15"><span class='ocrx_word' id='word_1_222' title='bbox 389 3516 591 3554; x_wconf 80' lang='lat' dir='ltr'>xxxvr.</span> <span class='ocrx_word' id='word_1_223' title='bbox 624 3501 759 3569; x_wconf 85' lang='lat' dir='ltr'>quod</span> <span class='ocrx_word' id='word_1_224' title='bbox 780 3501 983 3550; x_wconf 85' lang='lat' dir='ltr'>omnino</span> <span class='ocrx_word' id='word_1_225' title='bbox 1017 3499 1203 3551; x_wconf 77' lang='lat' dir='ltr'>falsum</span> <span class='ocrx_word' id='word_1_226' title='bbox 1226 3507 1327 3559; x_wconf 83' lang='lat' dir='ltr'>est,</span> <span class='ocrx_word' id='word_1_227' title='bbox 1364 3501 1440 3551; x_wconf 89' lang='lat' dir='ltr'>in·</span> 
     </span>
     <span class='ocr_line' id='line_1_42' title="bbox 386 3575 1439 3644; baseline -0.003 -16"><span class='ocrx_word' id='word_1_228' title='bbox 386 3580 501 3644; x_wconf 81' lang='lat' dir='ltr'>quit</span> <span class='ocrx_word' id='word_1_229' title='bbox 534 3577 697 3627; x_wconf 85' lang='lat' dir='ltr'>Andr.</span> <span class='ocrx_word' id='word_1_230' title='bbox 721 3575 986 3626; x_wconf 88' lang='lat' dir='ltr'>Schottus.</span> <span class='ocrx_word' id='word_1_231' title='bbox 1052 3575 1231 3624; x_wconf 72' lang='lat' dir='ltr'>Habet</span> <span class='ocrx_word' id='word_1_232' title='bbox 1265 3582 1439 3625; x_wconf 74' lang='lat' dir='ltr'>tamen</span> 
     </span>
     <span class='ocr_line' id='line_1_43' title="bbox 390 3650 1439 3716; baseline -0.002 -13"><span class='ocrx_word' id='word_1_233' title='bbox 390 3652 781 3716; x_wconf 74' lang='lat' dir='ltr'>suffragatorem</span> <span class='ocrx_word' id='word_1_234' title='bbox 808 3651 1074 3700; x_wconf 76' lang='lat' dir='ltr'>Tei-icium</span> <span class='ocrx_word' id='word_1_235' title='bbox 1109 3650 1439 3701; x_wconf 80' lang='lat' dir='ltr'>Mircondum</span> 
     </span>
     <span class='ocr_line' id='line_1_44' title="bbox 389 3725 1439 3793; baseline -0.006 -13"><span class='ocrx_word' id='word_1_236' title='bbox 389 3729 445 3780; x_wconf 89' lang='lat' dir='ltr'>in</span> <span class='ocrx_word' id='word_1_237' title='bbox 484 3728 735 3790; x_wconf 81' lang='lat' dir='ltr'>Persicis,</span> <span class='ocrx_word' id='word_1_238' title='bbox 765 3727 853 3793; x_wconf 87' lang='lat' dir='ltr'>qni</span> <span class='ocrx_word' id='word_1_239' title='bbox 888 3725 1071 3775; x_wconf 81' lang='lat' dir='ltr'>‘Vixit</span> <span class='ocrx_word' id='word_1_240' title='bbox 1092 3726 1310 3788; x_wconf 67' lang='lat' dir='ltr'>triginta</span> <span class='ocrx_word' id='word_1_241' title='bbox 1345 3740 1439 3775; x_wconf 84' lang='lat' dir='ltr'>aex</span> 
     </span>
     <span class='ocr_line' id='line_1_45' title="bbox 390 3800 1439 3868; baseline -0.005 -14"><span class='ocrx_word' id='word_1_242' title='bbox 390 3804 554 3864; x_wconf 65' lang='lat' dir='ltr'>cunis,</span> <span class='ocrx_word' id='word_1_243' title='bbox 575 3803 809 3868; x_wconf 72' lang='lat' dir='ltr'>regnavit</span> <span class='ocrx_word' id='word_1_244' title='bbox 828 3800 1218 3865; x_wconf 74' lang='lat' dir='ltr'>septendecim-⁹</span> <span class='ocrx_word' id='word_1_245' title='bbox 1281 3800 1439 3850; x_wconf 86' lang='lat' dir='ltr'>Chro-</span> 
     </span>
     <span class='ocr_line' id='line_1_46' title="bbox 388 3876 1437 3930; baseline -0.005 0"><span class='ocrx_word' id='word_1_246' title='bbox 388 3879 493 3930; x_wconf 89' lang='lat' dir='ltr'>nic.</span> <span class='ocrx_word' id='word_1_247' title='bbox 514 3877 919 3930; x_wconf 71' lang='lat' dir='ltr'>Alexandrinum</span> <span class='ocrx_word' id='word_1_248' title='bbox 937 3887 1121 3925; x_wconf 85' lang='lat' dir='ltr'>xxxu.</span> <span class='ocrx_word' id='word_1_249' title='bbox 1138 3889 1297 3925; x_wconf 87' lang='lat' dir='ltr'>anuos</span> <span class='ocrx_word' id='word_1_250' title='bbox 1315 3876 1437 3925; x_wconf 71' lang='lat' dir='ltr'>vitre</span> 
     </span>
     <span class='ocr_line' id='line_1_47' title="bbox 391 3949 1439 4016; baseline -0.007 -11"><span class='ocrx_word' id='word_1_251' title='bbox 391 3954 647 4005; x_wconf 65' lang='lat' dir='ltr'>duntaxat</span> <span class='ocrx_word' id='word_1_252' title='bbox 683 3951 847 4003; x_wconf 85' lang='lat' dir='ltr'>dedit.</span> <span class='ocrx_word' id='word_1_253' title='bbox 876 3950 1039 4016; x_wconf 83' lang='lat' dir='ltr'>(Item</span> <span class='ocrx_word' id='word_1_254' title='bbox 1062 3950 1363 4013; x_wconf 78' lang='lat' dir='ltr'>Hieronym.</span> <span class='ocrx_word' id='word_1_255' title='bbox 1384 3949 1439 3998; x_wconf 91' lang='lat' dir='ltr'>in</span> 
     </span>
     <span class='ocr_line' id='line_1_48' title="bbox 388 4023 1439 4091; baseline -0.006 -11"><span class='ocrx_word' id='word_1_256' title='bbox 388 4028 597 4080; x_wconf 82' lang='lat' dir='ltr'>Daniel.</span> <span class='ocrx_word' id='word_1_257' title='bbox 630 4041 745 4091; x_wconf 82' lang='lat' dir='ltr'>cap.</span> <span class='ocrx_word' id='word_1_258' title='bbox 763 4040 888 4077; x_wconf 75' lang='lat' dir='ltr'>vm.</span> <span class='ocrx_word' id='word_1_259' title='bbox 911 4032 966 4075; x_wconf 90' lang='lat' dir='ltr'>et</span> <span class='ocrx_word' id='word_1_260' title='bbox 989 4023 1097 4088; x_wconf 74' lang='lat' dir='ltr'>xi.)</span> <span class='ocrx_word' id='word_1_261' title='bbox 1136 4024 1331 4074; x_wconf 85' lang='lat' dir='ltr'>Noster</span> <span class='ocrx_word' id='word_1_262' title='bbox 1348 4025 1439 4074; x_wconf 74' lang='lat' dir='ltr'>Se·</span> 
     </span>
     <span class='ocr_line' id='line_1_49' title="bbox 390 4098 1439 4153; baseline -0.005 0"><span class='ocrx_word' id='word_1_263' title='bbox 390 4103 559 4153; x_wconf 68' lang='lat' dir='ltr'>lienus</span> <span class='ocrx_word' id='word_1_264' title='bbox 598 4099 828 4152; x_wconf 86' lang='lat' dir='ltr'>ostendit</span> <span class='ocrx_word' id='word_1_265' title='bbox 858 4099 1208 4150; x_wconf 81' lang='lat' dir='ltr'>Alexandrum</span> <span class='ocrx_word' id='word_1_266' title='bbox 1253 4098 1439 4150; x_wconf 87' lang='lat' dir='ltr'>obiisse</span> 
     </span>
     <span class='ocr_line' id='line_1_50' title="bbox 394 4174 1440 4228; baseline -0.003 -1"><span class='ocrx_word' id='word_1_267' title='bbox 394 4191 525 4228; x_wconf 75' lang='lat' dir='ltr'>suno</span> <span class='ocrx_word' id='word_1_268' title='bbox 550 4175 737 4226; x_wconf 82' lang='lat' dir='ltr'>Mundi</span> <span class='ocrx_word' id='word_1_269' title='bbox 760 4178 906 4224; x_wconf 71' lang='lat'>⁸7⁸0.</span> <span class='ocrx_word' id='word_1_270' title='bbox 934 4175 1111 4224; x_wconf 65' lang='lat' dir='ltr'>Sexto</span> <span class='ocrx_word' id='word_1_271' title='bbox 1135 4174 1303 4224; x_wconf 66' lang='lat' dir='ltr'>etatis</span> <span class='ocrx_word' id='word_1_272' title='bbox 1326 4177 1440 4224; x_wconf 77' lang='grc'><strong>914.</strong></span> 
     </span>
     <span class='ocr_line' id='line_1_51' title="bbox 394 4246 1445 4317; baseline -0.004 -15"><span class='ocrx_word' id='word_1_273' title='bbox 394 4249 545 4304; x_wconf 79' lang='lat' dir='ltr'>Anno</span> <span class='ocrx_word' id='word_1_274' title='bbox 563 4249 771 4317; x_wconf 87' lang='lat' dir='ltr'>imperii</span> <span class='ocrx_word' id='word_1_275' title='bbox 792 4248 931 4301; x_wconf 63' lang='lat' dir='ltr'>Asin</span> <span class='ocrx_word' id='word_1_276' title='bbox 950 4253 1003 4298; x_wconf 78' lang='lat'>⁶1.</span> <span class='ocrx_word' id='word_1_277' title='bbox 1021 4247 1167 4314; x_wconf 72' lang='lat' dir='ltr'>regul</span> <span class='ocrx_word' id='word_1_278' title='bbox 1192 4251 1271 4298; x_wconf 77' lang='grc'>18.</span> <span class='ocrx_word' id='word_1_279' title='bbox 1316 4246 1445 4298; x_wconf 85' lang='lat' dir='ltr'>Jsd·</span> 
     </span>
    </p>
   </div>
   <div class='ocr_carea' id='block_1_3' title="bbox 2406 415 2576 519">
    <p class='ocr_par' dir='ltr' id='par_1_6' title="bbox 2406 415 2576 519">
     <span class='ocr_line' id='line_1_52' title="bbox 2406 415 2576 519; baseline 0 -38"><span class='ocrx_word' id='word_1_280' title='bbox 2406 415 2576 519; x_wconf 69' lang='lat'>1517</span> 
     </span>
    </p>
   </div>
   <div class='ocr_carea' id='block_1_4' title="bbox 1510 572 2582 4300">
    <p class='ocr_par' dir='ltr' id='par_1_7' title="bbox 1510 572 2582 4300">
     <span class='ocr_line' id='line_1_53' title="bbox 1523 572 2577 637; baseline 0 -14"><span class='ocrx_word' id='word_1_281' title='bbox 1523 574 1577 623; x_wconf 83' lang='lat' dir='ltr'>di</span> <span class='ocrx_word' id='word_1_282' title='bbox 1621 572 1885 637; x_wconf 83' lang='lat' dir='ltr'>pontificis</span> <span class='ocrx_word' id='word_1_283' title='bbox 1929 574 2130 637; x_wconf 86' lang='lat' dir='ltr'>ultimo,</span> <span class='ocrx_word' id='word_1_284' title='bbox 2169 574 2380 637; x_wconf 82' lang='lat' dir='ltr'>Olymp.</span> <span class='ocrx_word' id='word_1_285' title='bbox 2427 585 2577 623; x_wconf 75' lang='lat' dir='ltr'>cxvi.</span> 
     </span>
     <span class='ocr_line' id='line_1_54' title="bbox 1522 649 2576 711; baseline -0.002 -11"><span class='ocrx_word' id='word_1_286' title='bbox 1522 649 1676 700; x_wconf 88' lang='lat' dir='ltr'>Anno</span> <span class='ocrx_word' id='word_1_287' title='bbox 1713 654 1759 699; x_wconf 92' lang='grc'>1.</span> <span class='ocrx_word' id='word_1_288' title='bbox 1825 649 2088 700; x_wconf 81' lang='lat' dir='ltr'>Archonte</span> <span class='ocrx_word' id='word_1_289' title='bbox 2129 649 2377 711; x_wconf 82' lang='lat' dir='ltr'>Hegesia,</span> <span class='ocrx_word' id='word_1_290' title='bbox 2417 649 2576 699; x_wconf 81' lang='lat' dir='ltr'>Urbis</span> 
     </span>
     <span class='ocr_line' id='line_1_55' title="bbox 1523 725 2580 787; baseline -0.003 -12"><span class='ocrx_word' id='word_1_291' title='bbox 1523 725 1684 775; x_wconf 88' lang='lat' dir='ltr'>Cond.</span> <span class='ocrx_word' id='word_1_292' title='bbox 1697 730 1812 776; x_wconf 75' lang='lat'>429.</span> <span class='ocrx_word' id='word_1_293' title='bbox 1837 725 2107 775; x_wconf 76' lang='lat' dir='ltr'>Dictatore</span> <span class='ocrx_word' id='word_1_294' title='bbox 2125 726 2182 775; x_wconf 84' lang='lat'>1..</span> <span class='ocrx_word' id='word_1_295' title='bbox 2204 725 2432 787; x_wconf 75' lang='lat' dir='ltr'>Pepyrio</span> <span class='ocrx_word' id='word_1_296' title='bbox 2451 725 2580 773; x_wconf 90' lang='lat' dir='ltr'>Cur·</span> 
     </span>
     <span class='ocr_line' id='line_1_56' title="bbox 1522 802 2578 865; baseline -0.001 -15"><span class='ocrx_word' id='word_1_297' title='bbox 1522 814 1654 863; x_wconf 87' lang='lat' dir='ltr'>sore,</span> <span class='ocrx_word' id='word_1_298' title='bbox 1676 802 1820 864; x_wconf 73' lang='lat' dir='ltr'>Mag.</span> <span class='ocrx_word' id='word_1_299' title='bbox 1845 802 1943 865; x_wconf 80' lang='lat' dir='ltr'>Eq.</span> <span class='ocrx_word' id='word_1_300' title='bbox 1967 803 2035 855; x_wconf 81' lang='lat' dir='ltr'>Q.</span> <span class='ocrx_word' id='word_1_301' title='bbox 2055 802 2218 851; x_wconf 78' lang='lat' dir='ltr'>Fabio</span> <span class='ocrx_word' id='word_1_302' title='bbox 2241 802 2396 851; x_wconf 75' lang='lat' dir='ltr'>Max.</span> <span class='ocrx_word' id='word_1_303' title='bbox 2429 802 2578 851; x_wconf 80' lang='lat' dir='ltr'>Ruti·</span> 
     </span>
     <span class='ocr_line' id='line_1_57' title="bbox 1522 877 2572 941; baseline -0.002 -14"><span class='ocrx_word' id='word_1_304' title='bbox 1522 878 1682 940; x_wconf 75' lang='lat' dir='ltr'>liuuo,</span> <span class='ocrx_word' id='word_1_305' title='bbox 1703 885 1759 927; x_wconf 91' lang='lat' dir='ltr'>et</span> <span class='ocrx_word' id='word_1_306' title='bbox 1781 891 1898 927; x_wconf 82' lang='lat' dir='ltr'>mox</span> <span class='ocrx_word' id='word_1_307' title='bbox 1924 878 1984 927; x_wconf 72' lang='lat'>1..</span> <span class='ocrx_word' id='word_1_308' title='bbox 2002 878 2236 941; x_wconf 73' lang='lat' dir='ltr'>Papyrio</span> <span class='ocrx_word' id='word_1_309' title='bbox 2250 877 2438 927; x_wconf 86' lang='lat' dir='ltr'>Crasso</span> <span class='ocrx_word' id='word_1_310' title='bbox 2462 878 2572 925; x_wconf 84' lang='lat' dir='ltr'>sine</span> 
     </span>
     <span class='ocr_line' id='line_1_58' title="bbox 1522 952 2576 1003; baseline -0.002 0"><span class='ocrx_word' id='word_1_311' title='bbox 1522 954 1668 1003; x_wconf 88' lang='lat' dir='ltr'>Coss.</span> <span class='ocrx_word' id='word_1_312' title='bbox 1703 952 1840 1003; x_wconf 83' lang='lat' dir='ltr'>Ante</span> <span class='ocrx_word' id='word_1_313' title='bbox 1861 953 2116 1003; x_wconf 76' lang='lat' dir='ltr'>Christum</span> <span class='ocrx_word' id='word_1_314' title='bbox 2139 960 2312 1001; x_wconf 76' lang='lat' dir='ltr'>nutum</span> <span class='ocrx_word' id='word_1_315' title='bbox 2335 952 2451 1001; x_wconf 74' lang='lat'>823.</span> <span class='ocrx_word' id='word_1_316' title='bbox 2475 952 2576 1001; x_wconf 83' lang='lat' dir='ltr'>Cui</span> 
     </span>
     <span class='ocr_line' id='line_1_59' title="bbox 1522 1027 2570 1091; baseline 0 -14"><span class='ocrx_word' id='word_1_317' title='bbox 1522 1030 1666 1079; x_wconf 78' lang='lat' dir='ltr'>velut</span> <span class='ocrx_word' id='word_1_318' title='bbox 1685 1029 2012 1078; x_wconf 80' lang='lat' dir='ltr'>exactissimo</span> <span class='ocrx_word' id='word_1_319' title='bbox 2047 1028 2369 1091; x_wconf 76' lang='lat' dir='ltr'>chronologo</span> <span class='ocrx_word' id='word_1_320' title='bbox 2403 1027 2570 1077; x_wconf 87' lang='lat' dir='ltr'>liben-</span> 
     </span>
     <span class='ocr_line' id='line_1_60' title="bbox 1522 1103 2572 1166; baseline 0 -13"><span class='ocrx_word' id='word_1_321' title='bbox 1522 1110 1604 1153; x_wconf 87' lang='lat' dir='ltr'>ter</span> <span class='ocrx_word' id='word_1_322' title='bbox 1624 1103 2310 1166; x_wconf 59' lang='lat' dir='ltr'>munumina-,praesertim</span> <span class='ocrx_word' id='word_1_323' title='bbox 2325 1118 2440 1153; x_wconf 85' lang='lat' dir='ltr'>cum</span> <span class='ocrx_word' id='word_1_324' title='bbox 2457 1116 2572 1153; x_wconf 85' lang='lat' dir='ltr'>sen-</span> 
     </span>
     <span class='ocr_line' id='line_1_61' title="bbox 1521 1178 2574 1230; baseline -0.001 -1"><span class='ocrx_word' id='word_1_325' title='bbox 1521 1180 1734 1229; x_wconf 71' lang='lat' dir='ltr'>tentium</span> <span class='ocrx_word' id='word_1_326' title='bbox 1758 1180 1932 1230; x_wconf 85' lang='lat' dir='ltr'>multis</span> <span class='ocrx_word' id='word_1_327' title='bbox 1971 1179 2252 1230; x_wconf 83' lang='lat' dir='ltr'>rstiouibus</span> <span class='ocrx_word' id='word_1_328' title='bbox 2276 1184 2334 1229; x_wconf 92' lang='lat' dir='ltr'>et</span> <span class='ocrx_word' id='word_1_329' title='bbox 2356 1178 2574 1230; x_wconf 79' lang='lat' dir='ltr'>testibus</span> 
     </span>
     <span class='ocr_line' id='line_1_62' title="bbox 1521 1252 2572 1306; baseline 0.001 -3"><span class='ocrx_word' id='word_1_330' title='bbox 1521 1252 1810 1304; x_wconf 82' lang='lat' dir='ltr'>confirmet.</span> <span class='ocrx_word' id='word_1_331' title='bbox 1851 1255 2084 1306; x_wconf 65' lang='lat' dir='ltr'>Mnus.</span> <span class='ocrx_word' id='word_1_332' title='bbox 2149 1254 2218 1304; x_wconf 77' lang='lat' dir='ltr'>A.</span> <span class='ocrx_word' id='word_1_333' title='bbox 2251 1253 2393 1304; x_wconf 85' lang='lat' dir='ltr'>Geli.</span> <span class='ocrx_word' id='word_1_334' title='bbox 2433 1266 2572 1304; x_wconf 80' lang='lat' dir='ltr'>xvn.</span> 
     </span>
     <span class='ocr_line' id='line_1_63' title="bbox 1518 1308 2572 1393; baseline -0.003 -13"><span class='ocrx_word' id='word_1_335' title='bbox 1518 1333 1603 1380; x_wconf 73' lang='grc'>21.</span> <span class='ocrx_word' id='word_1_336' title='bbox 1643 1328 1928 1380; x_wconf 75' lang='lat' dir='ltr'>Alexandri</span> <span class='ocrx_word' id='word_1_337' title='bbox 1951 1308 2160 1393; x_wconf 69' lang='lat' dir='ltr'>reginum</span> <span class='ocrx_word' id='word_1_338' title='bbox 2183 1329 2405 1379; x_wconf 86' lang='lat' dir='ltr'>includit</span> <span class='ocrx_word' id='word_1_339' title='bbox 2426 1330 2572 1379; x_wconf 73' lang='lat' dir='ltr'>annis</span> 
     </span>
     <span class='ocr_line' id='line_1_64' title="bbox 1522 1405 2572 1469; baseline 0.002 -15"><span class='ocrx_word' id='word_1_340' title='bbox 1522 1405 1780 1455; x_wconf 83' lang='lat' dir='ltr'>undecim.</span> <span class='ocrx_word' id='word_1_341' title='bbox 1833 1407 2152 1469; x_wconf 79' lang='lat' dir='ltr'>Porphyrius</span> <span class='ocrx_word' id='word_1_342' title='bbox 2197 1405 2332 1469; x_wconf 83' lang='lat' dir='ltr'>apud</span> <span class='ocrx_word' id='word_1_343' title='bbox 2377 1405 2572 1457; x_wconf 87' lang='lat' dir='ltr'>Euseb.</span> 
     </span>
     <span class='ocr_line' id='line_1_65' title="bbox 1520 1479 2574 1544; baseline 0.003 -16"><span class='ocrx_word' id='word_1_344' title='bbox 1520 1479 1825 1529; x_wconf 85' lang='lat' dir='ltr'>duodecim=</span> <span class='ocrx_word' id='word_1_345' title='bbox 1848 1494 1962 1531; x_wconf 88' lang='lat' dir='ltr'>cum</span> <span class='ocrx_word' id='word_1_346' title='bbox 1982 1494 2083 1543; x_wconf 85' lang='lat' dir='ltr'>quo</span> <span class='ocrx_word' id='word_1_347' title='bbox 2094 1480 2354 1531; x_wconf 87' lang='lat' dir='ltr'>consentit</span> <span class='ocrx_word' id='word_1_348' title='bbox 2373 1494 2574 1544; x_wconf 85' lang='lat' dir='ltr'>suppu-</span> 
     </span>
     <span class='ocr_line' id='line_1_66' title="bbox 1520 1555 2576 1619; baseline 0.004 -16"><span class='ocrx_word' id='word_1_349' title='bbox 1520 1555 1654 1605; x_wconf 75' lang='lat' dir='ltr'>tatio</span> <span class='ocrx_word' id='word_1_350' title='bbox 1688 1555 1970 1605; x_wconf 87' lang='lat' dir='ltr'>Clementis</span> <span class='ocrx_word' id='word_1_351' title='bbox 1991 1556 2044 1605; x_wconf 89' lang='lat' dir='ltr'>iu</span> <span class='ocrx_word' id='word_1_352' title='bbox 2068 1570 2109 1605; x_wconf 86' lang='lat'>1.</span> <span class='ocrx_word' id='word_1_353' title='bbox 2145 1557 2482 1619; x_wconf 78' lang='lat' dir='ltr'>Streruntum,</span> <span class='ocrx_word' id='word_1_354' title='bbox 2517 1562 2576 1607; x_wconf 88' lang='lat' dir='ltr'>et</span> 
     </span>
     <span class='ocr_line' id='line_1_67' title="bbox 1520 1630 2582 1695; baseline -0.001 -16"><span class='ocrx_word' id='word_1_355' title='bbox 1520 1630 1738 1680; x_wconf 79' lang='lat' dir='ltr'>Hieron.</span> <span class='ocrx_word' id='word_1_356' title='bbox 1753 1630 1818 1681; x_wconf 86' lang='lat' dir='ltr'>ad</span> <span class='ocrx_word' id='word_1_357' title='bbox 1835 1645 1953 1695; x_wconf 74' lang='lat' dir='ltr'>cap.</span> <span class='ocrx_word' id='word_1_358' title='bbox 1971 1644 2035 1682; x_wconf 92' lang='grc' dir='ltr'>ιι.</span> <span class='ocrx_word' id='word_1_359' title='bbox 2055 1632 2315 1683; x_wconf 69' lang='lat' dir='ltr'>Danielis.</span> <span class='ocrx_word' id='word_1_360' title='bbox 2349 1633 2582 1682; x_wconf 63' lang='lat' dir='ltr'>Bantin-</span> 
     </span>
     <span class='ocr_line' id='line_1_68' title="bbox 1518 1708 2574 1772; baseline 0.002 -17"><span class='ocrx_word' id='word_1_361' title='bbox 1518 1720 1615 1769; x_wconf 75' lang='lat' dir='ltr'>gus</span> <span class='ocrx_word' id='word_1_362' title='bbox 1637 1715 1908 1771; x_wconf 74' lang='lat' dir='ltr'>computet</span> <span class='ocrx_word' id='word_1_363' title='bbox 1929 1709 1946 1736; x_wconf 89' lang='lat'>‘</span> <span class='ocrx_word' id='word_1_364' title='bbox 1962 1708 2155 1758; x_wconf 78' lang='lat' dir='ltr'>vixisse</span> <span class='ocrx_word' id='word_1_365' title='bbox 2179 1709 2394 1772; x_wconf 68' lang='lat' dir='ltr'>procise</span> <span class='ocrx_word' id='word_1_366' title='bbox 2413 1722 2574 1758; x_wconf 76' lang='lat' dir='ltr'>annos</span> 
     </span>
     <span class='ocr_line' id='line_1_69' title="bbox 1518 1783 2570 1834; baseline 0.002 -5"><span class='ocrx_word' id='word_1_367' title='bbox 1518 1793 1704 1831; x_wconf 83' lang='lat' dir='ltr'>xxxn.</span> <span class='ocrx_word' id='word_1_368' title='bbox 1740 1795 1940 1832; x_wconf 82' lang='lat' dir='ltr'>menses</span> <span class='ocrx_word' id='word_1_369' title='bbox 1971 1795 2028 1834; x_wconf 85' lang='lat' dir='ltr'>x.</span> <span class='ocrx_word' id='word_1_370' title='bbox 2049 1788 2107 1832; x_wconf 89' lang='lat' dir='ltr'>et</span> <span class='ocrx_word' id='word_1_371' title='bbox 2127 1783 2238 1833; x_wconf 86' lang='lat' dir='ltr'>dies</span> <span class='ocrx_word' id='word_1_372' title='bbox 2262 1790 2570 1832; x_wconf 56' lang='lat' dir='ltr'>turanor-</span> 
     </span>
     <span class='ocr_line' id='line_1_70' title="bbox 1519 1855 2572 1919; baseline 0 -14"><span class='ocrx_word' id='word_1_373' title='bbox 1519 1862 1662 1905; x_wconf 83' lang='lat' dir='ltr'>tuum</span> <span class='ocrx_word' id='word_1_374' title='bbox 1690 1860 1740 1905; x_wconf 89' lang='grc'>9.</span> <span class='ocrx_word' id='word_1_375' title='bbox 1775 1856 1860 1905; x_wconf 86' lang='lat' dir='ltr'>die</span> <span class='ocrx_word' id='word_1_376' title='bbox 1882 1855 2046 1919; x_wconf 86' lang='lat' dir='ltr'>Junii,</span> <span class='ocrx_word' id='word_1_377' title='bbox 2077 1858 2120 1905; x_wconf 90' lang='lat' dir='ltr'>si</span> <span class='ocrx_word' id='word_1_378' title='bbox 2155 1870 2315 1907; x_wconf 78' lang='lat' dir='ltr'>annos</span> <span class='ocrx_word' id='word_1_379' title='bbox 2335 1856 2572 1909; x_wconf 80' lang='lat' dir='ltr'>Julianus</span> 
     </span>
     <span class='ocr_line' id='line_1_71' title="bbox 1519 1930 2572 1993; baseline 0.003 -15"><span class='ocrx_word' id='word_1_380' title='bbox 1519 1937 1664 1979; x_wconf 85' lang='lat' dir='ltr'>retro</span> <span class='ocrx_word' id='word_1_381' title='bbox 1685 1932 1991 1993; x_wconf 77' lang='lat' dir='ltr'>cogitemus,</span> <span class='ocrx_word' id='word_1_382' title='bbox 2015 1931 2100 1981; x_wconf 86' lang='lat' dir='ltr'>die</span> <span class='ocrx_word' id='word_1_383' title='bbox 2123 1933 2348 1982; x_wconf 79' lang='lat' dir='ltr'>Saturni.</span> <span class='ocrx_word' id='word_1_384' title='bbox 2413 1930 2572 1982; x_wconf 82' lang='lat' dir='ltr'>Anno</span> 
     </span>
     <span class='ocr_line' id='line_1_72' title="bbox 1516 2006 2573 2059; baseline 0.002 -4"><span class='ocrx_word' id='word_1_385' title='bbox 1516 2007 1703 2056; x_wconf 86' lang='lat' dir='ltr'>Mundi</span> <span class='ocrx_word' id='word_1_386' title='bbox 1748 2010 1895 2059; x_wconf 76' lang='grc'><strong>8646.</strong></span> <span class='ocrx_word' id='word_1_387' title='bbox 1939 2008 2006 2057; x_wconf 77' lang='lat' dir='ltr'>ab</span> <span class='ocrx_word' id='word_1_388' title='bbox 2051 2008 2194 2058; x_wconf 85' lang='lat' dir='ltr'>Urbe</span> <span class='ocrx_word' id='word_1_389' title='bbox 2239 2006 2403 2057; x_wconf 89' lang='lat' dir='ltr'>Cond.</span> <span class='ocrx_word' id='word_1_390' title='bbox 2435 2006 2573 2057; x_wconf 60' lang='lat'>48⁰3</span> 
     </span>
     <span class='ocr_line' id='line_1_73' title="bbox 1516 2080 2572 2145; baseline 0 -16"><span class='ocrx_word' id='word_1_391' title='bbox 1516 2080 1771 2131; x_wconf 87' lang='lat' dir='ltr'>Funccius</span> <span class='ocrx_word' id='word_1_392' title='bbox 1810 2087 1867 2131; x_wconf 91' lang='lat' dir='ltr'>et</span> <span class='ocrx_word' id='word_1_393' title='bbox 1900 2080 2170 2145; x_wconf 71' lang='lat' dir='ltr'>Chytraeus</span> <span class='ocrx_word' id='word_1_394' title='bbox 2215 2080 2414 2131; x_wconf 84' lang='lat' dir='ltr'>obitum</span> <span class='ocrx_word' id='word_1_395' title='bbox 2457 2080 2572 2144; x_wconf 83' lang='lat' dir='ltr'>ejus</span> 
     </span>
     <span class='ocr_line' id='line_1_74' title="bbox 1515 2154 2571 2216; baseline 0.002 -13"><span class='ocrx_word' id='word_1_396' title='bbox 1515 2162 1715 2216; x_wconf 85' lang='lat' dir='ltr'>ponunt</span> <span class='ocrx_word' id='word_1_397' title='bbox 1737 2154 1800 2203; x_wconf 81' lang='lat' dir='ltr'>sd</span> <span class='ocrx_word' id='word_1_398' title='bbox 1825 2169 1910 2205; x_wconf 80' lang='lat' dir='ltr'>en.</span> <span class='ocrx_word' id='word_1_399' title='bbox 1933 2156 2000 2204; x_wconf 90' lang='lat' dir='ltr'>U.</span> <span class='ocrx_word' id='word_1_400' title='bbox 2036 2156 2098 2205; x_wconf 90' lang='lat' dir='ltr'>C.</span> <span class='ocrx_word' id='word_1_401' title='bbox 2134 2160 2250 2205; x_wconf 80' lang='grc'><strong>428.</strong></span> <span class='ocrx_word' id='word_1_402' title='bbox 2285 2155 2571 2205; x_wconf 86' lang='lat' dir='ltr'>Bucholce-</span> 
     </span>
     <span class='ocr_line' id='line_1_75' title="bbox 1517 2230 2573 2281; baseline 0.001 -3"><span class='ocrx_word' id='word_1_403' title='bbox 1517 2242 1600 2279; x_wconf 85' lang='lat' dir='ltr'>rus</span> <span class='ocrx_word' id='word_1_404' title='bbox 1623 2236 1678 2278; x_wconf 90' lang='lat' dir='ltr'>et</span> <span class='ocrx_word' id='word_1_405' title='bbox 1700 2230 1984 2279; x_wconf 84' lang='lat' dir='ltr'>Beroaldus</span> <span class='ocrx_word' id='word_1_406' title='bbox 2006 2231 2070 2280; x_wconf 82' lang='lat' dir='ltr'>sd</span> <span class='ocrx_word' id='word_1_407' title='bbox 2092 2245 2172 2280; x_wconf 82' lang='lat' dir='ltr'>an.</span> <span class='ocrx_word' id='word_1_408' title='bbox 2193 2235 2312 2281; x_wconf 75' lang='lat'>429.</span> <span class='ocrx_word' id='word_1_409' title='bbox 2343 2231 2573 2280; x_wconf 77' lang='lat' dir='ltr'>adsenti-</span> 
     </span>
     <span class='ocr_line' id='line_1_76' title="bbox 1514 2304 2570 2368; baseline 0.002 -16"><span class='ocrx_word' id='word_1_410' title='bbox 1514 2311 1638 2353; x_wconf 88' lang='lat' dir='ltr'>ente</span> <span class='ocrx_word' id='word_1_411' title='bbox 1662 2306 1943 2354; x_wconf 85' lang='lat' dir='ltr'>Censorino</span> <span class='ocrx_word' id='word_1_412' title='bbox 1966 2319 2084 2368; x_wconf 80' lang='lat' dir='ltr'>cep.</span> <span class='ocrx_word' id='word_1_413' title='bbox 2099 2310 2183 2355; x_wconf 76' lang='lat'>21.</span> <span class='ocrx_word' id='word_1_414' title='bbox 2215 2305 2484 2355; x_wconf 77' lang='lat' dir='ltr'>Sleidnnus</span> <span class='ocrx_word' id='word_1_415' title='bbox 2501 2304 2570 2354; x_wconf 89' lang='lat' dir='ltr'>de</span> 
     </span>
     <span class='ocr_line' id='line_1_77' title="bbox 1516 2378 2570 2443; baseline -0.001 -14"><span class='ocrx_word' id='word_1_416' title='bbox 1516 2378 1753 2429; x_wconf 80' lang='lat' dir='ltr'>Quotuor</span> <span class='ocrx_word' id='word_1_417' title='bbox 1793 2379 2063 2429; x_wconf 81' lang='lat' dir='ltr'>Monarch.</span> <span class='ocrx_word' id='word_1_418' title='bbox 2098 2384 2216 2430; x_wconf 86' lang='grc'><strong>409.</strong></span> <span class='ocrx_word' id='word_1_419' title='bbox 2285 2380 2332 2429; x_wconf 86' lang='lat' dir='ltr'>N</span> <span class='ocrx_word' id='word_1_420' title='bbox 2339 2380 2570 2443; x_wconf 83' lang='lat' dir='ltr'>icepbori</span> 
     </span>
     <span class='ocr_line' id='line_1_78' title="bbox 1515 2452 2573 2519; baseline -0.001 -16"><span class='ocrx_word' id='word_1_421' title='bbox 1515 2452 1834 2503; x_wconf 71' lang='lat' dir='ltr'>Patriarchae</span> <span class='ocrx_word' id='word_1_422' title='bbox 1850 2454 2271 2519; x_wconf 69' lang='lat' dir='ltr'>Chronogrephin</span> <span class='ocrx_word' id='word_1_423' title='bbox 2287 2453 2475 2505; x_wconf 85' lang='lat' dir='ltr'>tribuit</span> <span class='ocrx_word' id='word_1_424' title='bbox 2494 2453 2573 2504; x_wconf 85' lang='lat' dir='ltr'>illi</span> 
     </span>
     <span class='ocr_line' id='line_1_79' title="bbox 1518 2529 2570 2580; baseline 0.003 -5"><span class='ocrx_word' id='word_1_425' title='bbox 1518 2529 1691 2576; x_wconf 76' lang='lat' dir='ltr'>oetetis</span> <span class='ocrx_word' id='word_1_426' title='bbox 1736 2543 1895 2577; x_wconf 81' lang='lat' dir='ltr'>annos</span> <span class='ocrx_word' id='word_1_427' title='bbox 1938 2541 2112 2578; x_wconf 83' lang='lat' dir='ltr'>xxxv.</span> <span class='ocrx_word' id='word_1_428' title='bbox 2158 2537 2246 2579; x_wconf 79' lang='lat' dir='ltr'>out</span> <span class='ocrx_word' id='word_1_429' title='bbox 2286 2530 2570 2580; x_wconf 83' lang='lat' dir='ltr'>secundum</span> 
     </span>
     <span class='ocr_line' id='line_1_80' title="bbox 1517 2601 2572 2666; baseline 0.003 -16"><span class='ocrx_word' id='word_1_430' title='bbox 1517 2601 1643 2651; x_wconf 83' lang='lat' dir='ltr'>alios</span> <span class='ocrx_word' id='word_1_431' title='bbox 1671 2602 2091 2666; x_wconf 82' lang='lat' dir='ltr'>xxxv1.i1nperil</span> <span class='ocrx_word' id='word_1_432' title='bbox 2115 2615 2284 2653; x_wconf 78' lang='lat' dir='ltr'>xvru.</span> <span class='ocrx_word' id='word_1_433' title='bbox 2303 2603 2572 2653; x_wconf 80' lang='lat' dir='ltr'>Plutarch.</span> 
     </span>
     <span class='ocr_line' id='line_1_81' title="bbox 1512 2671 2573 2741; baseline 0 -15"><span class='ocrx_word' id='word_1_434' title='bbox 1512 2678 1750 2741; x_wconf 75' lang='lat' dir='ltr'>Sympos.</span> <span class='ocrx_word' id='word_1_435' title='bbox 1769 2682 1819 2728; x_wconf 85' lang='lat'>8.</span> <span class='ocrx_word' id='word_1_436' title='bbox 1833 2682 1880 2729; x_wconf 85' lang='lat'>1.</span> <span class='ocrx_word' id='word_1_437' title='bbox 1901 2677 2062 2727; x_wconf 78' lang='lat' dir='ltr'>refert</span> <span class='ocrx_word' id='word_1_438' title='bbox 2081 2671 2264 2727; x_wconf 86' lang='lat' dir='ltr'>eode&#39;m</span> <span class='ocrx_word' id='word_1_439' title='bbox 2287 2675 2372 2727; x_wconf 88' lang='lat' dir='ltr'>die</span> <span class='ocrx_word' id='word_1_440' title='bbox 2392 2689 2573 2726; x_wconf 88' lang='lat' dir='ltr'>exces-</span> 
     </span>
     <span class='ocr_line' id='line_1_82' title="bbox 1514 2751 2571 2817; baseline -0.001 -15"><span class='ocrx_word' id='word_1_441' title='bbox 1514 2752 1664 2814; x_wconf 86' lang='lat' dir='ltr'>sisse,</span> <span class='ocrx_word' id='word_1_442' title='bbox 1684 2767 1786 2817; x_wconf 86' lang='lat' dir='ltr'>quo</span> <span class='ocrx_word' id='word_1_443' title='bbox 1807 2760 1863 2802; x_wconf 88' lang='lat' dir='ltr'>et</span> <span class='ocrx_word' id='word_1_444' title='bbox 1885 2753 2196 2815; x_wconf 67' lang='lat' dir='ltr'>Diogenem:</span> <span class='ocrx_word' id='word_1_445' title='bbox 2231 2752 2367 2817; x_wconf 84' lang='lat' dir='ltr'>qnod</span> <span class='ocrx_word' id='word_1_446' title='bbox 2387 2751 2571 2802; x_wconf 82' lang='lat' dir='ltr'>itidem</span> 
     </span>
     <span class='ocr_line' id='line_1_83' title="bbox 1514 2825 2572 2890; baseline 0 -15"><span class='ocrx_word' id='word_1_447' title='bbox 1514 2841 1730 2876; x_wconf 73' lang='lat' dir='ltr'>narrans</span> <span class='ocrx_word' id='word_1_448' title='bbox 1755 2825 1997 2877; x_wconf 66' lang='lat' dir='ltr'>Laertius</span> <span class='ocrx_word' id='word_1_449' title='bbox 2031 2826 2261 2890; x_wconf 82' lang='lat' dir='ltr'>subjicit,</span> <span class='ocrx_word' id='word_1_450' title='bbox 2289 2828 2306 2856; x_wconf 86' lang='lat'>‘</span> <span class='ocrx_word' id='word_1_451' title='bbox 2322 2827 2454 2877; x_wconf 67' lang='lat' dir='ltr'>Erat</span> <span class='ocrx_word' id='word_1_452' title='bbox 2480 2840 2572 2876; x_wconf 81' lang='lat' dir='ltr'>sn·</span> 
     </span>
     <span class='ocr_line' id='line_1_84' title="bbox 1514 2901 2571 2966; baseline -0.003 -13"><span class='ocrx_word' id='word_1_453' title='bbox 1514 2908 1620 2953; x_wconf 84' lang='lat' dir='ltr'>tem</span> <span class='ocrx_word' id='word_1_454' title='bbox 1645 2917 1803 2952; x_wconf 84' lang='lat' dir='ltr'>senex</span> <span class='ocrx_word' id='word_1_455' title='bbox 1828 2902 2140 2966; x_wconf 80' lang='lat' dir='ltr'>Olympiade</span> <span class='ocrx_word' id='word_1_456' title='bbox 2162 2901 2344 2953; x_wconf 66' lang='lat' dir='ltr'>cxm!</span> <span class='ocrx_word' id='word_1_457' title='bbox 2423 2902 2571 2952; x_wconf 81' lang='lat' dir='ltr'>Ridi-</span> 
     </span>
     <span class='ocr_line' id='line_1_85' title="bbox 1514 2977 2566 3041; baseline 0.002 -16"><span class='ocrx_word' id='word_1_458' title='bbox 1514 2978 1666 3037; x_wconf 77' lang='lat' dir='ltr'>cule3</span> <span class='ocrx_word' id='word_1_459' title='bbox 1701 2977 1824 3041; x_wconf 86' lang='lat' dir='ltr'>quid</span> <span class='ocrx_word' id='word_1_460' title='bbox 1857 2979 1994 3026; x_wconf 86' lang='lat' dir='ltr'>enim</span> <span class='ocrx_word' id='word_1_461' title='bbox 2027 2978 2126 3026; x_wconf 87' lang='lat' dir='ltr'>hoc</span> <span class='ocrx_word' id='word_1_462' title='bbox 2158 2978 2224 3027; x_wconf 80' lang='lat' dir='ltr'>nd</span> <span class='ocrx_word' id='word_1_463' title='bbox 2259 2979 2405 3026; x_wconf 85' lang='lat' dir='ltr'>rem?</span> <span class='ocrx_word' id='word_1_464' title='bbox 2431 3005 2438 3012; x_wconf 90' lang='lat'><strong>·</strong></span> <span class='ocrx_word' id='word_1_465' title='bbox 2461 2978 2566 3028; x_wconf 75' lang='lat' dir='ltr'>Sed</span> 
     </span>
     <span class='ocr_line' id='line_1_86' title="bbox 1514 3050 2568 3124; baseline 0.003 -24"><span class='ocrx_word' id='word_1_466' title='bbox 1514 3050 1702 3101; x_wconf 80' lang='lat' dir='ltr'>fefellit</span> <span class='ocrx_word' id='word_1_467' title='bbox 1725 3054 2053 3116; x_wconf 83' lang='lat' dir='ltr'>interpretem</span> <span class='ocrx_word' id='word_1_468' title='bbox 2065 3053 2340 3124; x_wconf 62' lang='lat' dir='ltr'>scriptum</span> <span class='ocrx_word' id='word_1_469' title='bbox 2355 3051 2568 3103; x_wconf 72' lang='lat' dir='ltr'>vitiumr</span> 
     </span>
     <span class='ocr_line' id='line_1_87' title="bbox 1512 3125 2567 3189; baseline 0.001 -15"><span class='ocrx_word' id='word_1_470' title='bbox 1512 3125 1573 3184; x_wconf 78' lang='grc' dir='ltr'>ἦν</span> <span class='ocrx_word' id='word_1_471' title='bbox 1607 3126 1660 3175; x_wconf 68' lang='grc' dir='ltr'>δὲ</span> <span class='ocrx_word' id='word_1_472' title='bbox 1679 3125 1832 3188; x_wconf 70' lang='grc' dir='ltr'><strong><em>’γέρον</em></strong></span> <span class='ocrx_word' id='word_1_473' title='bbox 1862 3127 1986 3176; x_wconf 72' lang='grc' dir='ltr'>κατὰ</span> <span class='ocrx_word' id='word_1_474' title='bbox 2020 3125 2114 3184; x_wconf 76' lang='grc' dir='ltr'>τὴν</span> <span class='ocrx_word' id='word_1_475' title='bbox 2141 3127 2323 3189; x_wconf 63' lang='grc' dir='ltr'>τρίτην,</span> <span class='ocrx_word' id='word_1_476' title='bbox 2352 3143 2400 3174; x_wconf 73' lang='grc' dir='ltr'>κ.</span> <span class='ocrx_word' id='word_1_477' title='bbox 2430 3143 2481 3174; x_wconf 73' lang='grc' dir='ltr'>τ.</span> <span class='ocrx_word' id='word_1_478' title='bbox 2513 3133 2567 3175; x_wconf 78' lang='grc' dir='ltr'>λ.</span> 
     </span>
     <span class='ocr_line' id='line_1_88' title="bbox 1513 3198 2568 3264; baseline -0.004 -14"><span class='ocrx_word' id='word_1_479' title='bbox 1513 3200 1824 3262; x_wconf 68' lang='grc' dir='ltr'><strong>Ὀλυμπιάδα·</strong></span> <span class='ocrx_word' id='word_1_480' title='bbox 1858 3216 1976 3251; x_wconf 82' lang='lat' dir='ltr'>cum</span> <span class='ocrx_word' id='word_1_481' title='bbox 2012 3201 2286 3264; x_wconf 73' lang='lat' dir='ltr'>legendum</span> <span class='ocrx_word' id='word_1_482' title='bbox 2307 3200 2372 3249; x_wconf 74' lang='lat' dir='ltr'>sit</span> <span class='ocrx_word' id='word_1_483' title='bbox 2389 3198 2450 3256; x_wconf 70' lang='grc' dir='ltr'>ἣν</span> <span class='ocrx_word' id='word_1_484' title='bbox 2468 3216 2568 3247; x_wconf 79' lang='grc' dir='ltr'><strong>τοι·</strong></span> 
     </span>
     <span class='ocr_line' id='line_1_89' title="bbox 1510 3271 2567 3338; baseline -0.001 -15"><span class='ocrx_word' id='word_1_485' title='bbox 1510 3277 1706 3337; x_wconf 72' lang='grc' dir='ltr'><strong>γαμοῦν.</strong></span> <span class='ocrx_word' id='word_1_486' title='bbox 1790 3275 1996 3338; x_wconf 85' lang='lat' dir='ltr'>Nempe</span> <span class='ocrx_word' id='word_1_487' title='bbox 2031 3281 2243 3338; x_wconf 84' lang='lat' dir='ltr'>reperto</span> <span class='ocrx_word' id='word_1_488' title='bbox 2280 3271 2567 3322; x_wconf 72' lang='lat' dir='ltr'>Alexandri</span> 
     </span>
     <span class='ocr_line' id='line_1_90' title="bbox 1511 3347 2568 3411; baseline 0 -15"><span class='ocrx_word' id='word_1_489' title='bbox 1511 3356 1567 3396; x_wconf 90' lang='lat' dir='ltr'>et</span> <span class='ocrx_word' id='word_1_490' title='bbox 1589 3349 1836 3411; x_wconf 75' lang='lat' dir='ltr'>Diogenis</span> <span class='ocrx_word' id='word_1_491' title='bbox 1865 3348 2062 3398; x_wconf 87' lang='lat' dir='ltr'>obitum</span> <span class='ocrx_word' id='word_1_492' title='bbox 2085 3349 2136 3396; x_wconf 90' lang='lat' dir='ltr'>in</span> <span class='ocrx_word' id='word_1_493' title='bbox 2159 3362 2308 3399; x_wconf 84' lang='lat' dir='ltr'>unam</span> <span class='ocrx_word' id='word_1_494' title='bbox 2331 3347 2466 3397; x_wconf 84' lang='lat' dir='ltr'>diem</span> <span class='ocrx_word' id='word_1_495' title='bbox 2489 3349 2568 3396; x_wconf 90' lang='lat' dir='ltr'>in·</span> 
     </span>
     <span class='ocr_line' id='line_1_91' title="bbox 1512 3421 2565 3484; baseline -0.001 -13"><span class='ocrx_word' id='word_1_496' title='bbox 1512 3421 1720 3476; x_wconf 86' lang='lat' dir='ltr'>cidisse,</span> <span class='ocrx_word' id='word_1_497' title='bbox 1744 3435 1809 3469; x_wconf 86' lang='lat' dir='ltr'>ex</span> <span class='ocrx_word' id='word_1_498' title='bbox 1829 3421 2020 3470; x_wconf 85' lang='lat' dir='ltr'>notiori</span> <span class='ocrx_word' id='word_1_499' title='bbox 2041 3434 2164 3470; x_wconf 80' lang='lat' dir='ltr'>cssu</span> <span class='ocrx_word' id='word_1_500' title='bbox 2197 3428 2399 3484; x_wconf 83' lang='lat' dir='ltr'>tempus</span> <span class='ocrx_word' id='word_1_501' title='bbox 2419 3423 2565 3484; x_wconf 74' lang='lat' dir='ltr'>igno·</span> 
     </span>
     <span class='ocr_line' id='line_1_92' title="bbox 1516 3495 2568 3559; baseline 0.002 -15"><span class='ocrx_word' id='word_1_502' title='bbox 1516 3495 1660 3545; x_wconf 79' lang='lat' dir='ltr'>tioris</span> <span class='ocrx_word' id='word_1_503' title='bbox 1683 3508 1884 3559; x_wconf 85' lang='lat' dir='ltr'>quoque</span> <span class='ocrx_word' id='word_1_504' title='bbox 1906 3496 2120 3558; x_wconf 86' lang='lat' dir='ltr'>reperit.</span> <span class='ocrx_word' id='word_1_505' title='bbox 2155 3495 2302 3545; x_wconf 86' lang='lat' dir='ltr'>Idem</span> <span class='ocrx_word' id='word_1_506' title='bbox 2321 3501 2568 3547; x_wconf 83' lang='lat' dir='ltr'>notsrunt</span> 
     </span>
     <span class='ocr_line' id='line_1_93' title="bbox 1512 3568 2566 3635; baseline 0.001 -14"><span class='ocrx_word' id='word_1_507' title='bbox 1512 3568 1842 3632; x_wconf 69' lang='grc' dir='ltr'>Ὀλυμπιάδων</span> <span class='ocrx_word' id='word_1_508' title='bbox 1858 3571 2152 3635; x_wconf 68' lang='grc' dir='ltr'><strong><em>Ἀναγραφὴ,</em></strong></span> <span class='ocrx_word' id='word_1_509' title='bbox 2170 3577 2227 3621; x_wconf 85' lang='lat' dir='ltr'>et</span> <span class='ocrx_word' id='word_1_510' title='bbox 2244 3571 2431 3622; x_wconf 82' lang='lat' dir='ltr'>Suidas</span> <span class='ocrx_word' id='word_1_511' title='bbox 2453 3580 2566 3622; x_wconf 80' lang='grc' dir='ltr'><strong>Διο-</strong></span> 
     </span>
     <span class='ocr_line' id='line_1_94' title="bbox 1512 3645 2566 3710; baseline 0 -13"><span class='ocrx_word' id='word_1_512' title='bbox 1512 3645 1688 3710; x_wconf 70' lang='grc' dir='ltr'>γένηες</span> <span class='ocrx_word' id='word_1_513' title='bbox 1723 3654 1781 3697; x_wconf 85' lang='lat' dir='ltr'>ut</span> <span class='ocrx_word' id='word_1_514' title='bbox 1807 3653 1980 3697; x_wconf 75' lang='lat' dir='ltr'>tamen</span> <span class='ocrx_word' id='word_1_515' title='bbox 2001 3647 2056 3696; x_wconf 85' lang='lat' dir='ltr'>in</span> <span class='ocrx_word' id='word_1_516' title='bbox 2079 3655 2314 3710; x_wconf 85' lang='lat' dir='ltr'>tempore</span> <span class='ocrx_word' id='word_1_517' title='bbox 2335 3661 2434 3696; x_wconf 87' lang='lat' dir='ltr'>non</span> <span class='ocrx_word' id='word_1_518' title='bbox 2459 3661 2566 3697; x_wconf 87' lang='lat' dir='ltr'>om·</span> 
     </span>
     <span class='ocr_line' id='line_1_95' title="bbox 1513 3721 2566 3773; baseline 0.002 -2"><span class='ocrx_word' id='word_1_519' title='bbox 1513 3722 1634 3771; x_wconf 90' lang='lat' dir='ltr'>nino</span> <span class='ocrx_word' id='word_1_520' title='bbox 1656 3723 2000 3773; x_wconf 79' lang='lat' dir='ltr'>consentient.</span> <span class='ocrx_word' id='word_1_521' title='bbox 2067 3721 2160 3772; x_wconf 88' lang='lat' dir='ltr'>Ait</span> <span class='ocrx_word' id='word_1_522' title='bbox 2182 3723 2397 3771; x_wconf 76' lang='lat' dir='ltr'>Binrns</span> <span class='ocrx_word' id='word_1_523' title='bbox 2426 3721 2566 3773; x_wconf 81' lang='lat' dir='ltr'>Hist.</span> 
     </span>
     <span class='ocr_line' id='line_1_96' title="bbox 1512 3796 2564 3848; baseline -0.002 0"><span class='ocrx_word' id='word_1_524' title='bbox 1512 3797 1662 3848; x_wconf 86' lang='lat' dir='ltr'>Pers.</span> <span class='ocrx_word' id='word_1_525' title='bbox 1703 3796 1792 3847; x_wconf 91' lang='lat' dir='ltr'>lib.</span> <span class='ocrx_word' id='word_1_526' title='bbox 1830 3811 1898 3846; x_wconf 91' lang='grc' dir='ltr'>ιι.</span> <span class='ocrx_word' id='word_1_527' title='bbox 1930 3812 1963 3846; x_wconf 74' lang='grc' dir='ltr'>ιι</span> <span class='ocrx_word' id='word_1_528' title='bbox 1995 3797 2258 3847; x_wconf 78' lang='lat' dir='ltr'>veteribus</span> <span class='ocrx_word' id='word_1_529' title='bbox 2301 3797 2564 3846; x_wconf 68' lang='lat' dir='ltr'>memorio</span> 
     </span>
     <span class='ocr_line' id='line_1_97' title="bbox 1514 3871 2562 3936; baseline 0.002 -17"><span class='ocrx_word' id='word_1_530' title='bbox 1514 3871 1798 3935; x_wconf 85' lang='lat' dir='ltr'>proditum,</span> <span class='ocrx_word' id='word_1_531' title='bbox 1839 3871 2001 3933; x_wconf 83' lang='lat' dir='ltr'>illum,</span> <span class='ocrx_word' id='word_1_532' title='bbox 2041 3885 2138 3936; x_wconf 80' lang='lat' dir='ltr'>que</span> <span class='ocrx_word' id='word_1_533' title='bbox 2171 3871 2260 3921; x_wconf 91' lang='lat' dir='ltr'>die</span> <span class='ocrx_word' id='word_1_534' title='bbox 2298 3871 2352 3921; x_wconf 86' lang='lat' dir='ltr'>iu</span> <span class='ocrx_word' id='word_1_535' title='bbox 2395 3871 2562 3921; x_wconf 86' lang='lat' dir='ltr'>lucem</span> 
     </span>
     <span class='ocr_line' id='line_1_98' title="bbox 1513 3945 2558 4008; baseline -0.003 -11"><span class='ocrx_word' id='word_1_536' title='bbox 1513 3946 1684 3997; x_wconf 85' lang='lat' dir='ltr'>editus</span> <span class='ocrx_word' id='word_1_537' title='bbox 1704 3945 1826 4008; x_wconf 77' lang='lat' dir='ltr'>fnit,</span> <span class='ocrx_word' id='word_1_538' title='bbox 1841 3947 2023 3996; x_wconf 79' lang='lat' dir='ltr'>eedem</span> <span class='ocrx_word' id='word_1_539' title='bbox 2039 3947 2148 3995; x_wconf 79' lang='lat' dir='ltr'>vita</span> <span class='ocrx_word' id='word_1_540' title='bbox 2161 3945 2394 3995; x_wconf 82' lang='lat' dir='ltr'>functum</span> <span class='ocrx_word' id='word_1_541' title='bbox 2417 3959 2558 3996; x_wconf 77' lang='lat' dir='ltr'>esse:</span> 
     </span>
     <span class='ocr_line' id='line_1_99' title="bbox 1514 4021 2563 4086; baseline 0 -16"><span class='ocrx_word' id='word_1_542' title='bbox 1514 4022 1670 4071; x_wconf 88' lang='lat' dir='ltr'>docet</span> <span class='ocrx_word' id='word_1_543' title='bbox 1701 4021 1949 4086; x_wconf 79' lang='lat' dir='ltr'>deinceps</span> <span class='ocrx_word' id='word_1_544' title='bbox 1983 4035 2096 4071; x_wconf 83' lang='lat' dir='ltr'>eam</span> <span class='ocrx_word' id='word_1_545' title='bbox 2129 4021 2285 4071; x_wconf 77' lang='lat' dir='ltr'>fuisse</span> <span class='ocrx_word' id='word_1_546' title='bbox 2306 4034 2380 4072; x_wconf 76' lang='lat' dir='ltr'>vi.</span> <span class='ocrx_word' id='word_1_547' title='bbox 2401 4022 2563 4070; x_wconf 73' lang='lat' dir='ltr'>Tinur-</span> 
     </span>
     <span class='ocr_line' id='line_1_100' title="bbox 1516 4095 2560 4161; baseline -0.001 -15"><span class='ocrx_word' id='word_1_548' title='bbox 1516 4096 1766 4161; x_wconf 76' lang='lat' dir='ltr'>gelionisz</span> <span class='ocrx_word' id='word_1_549' title='bbox 1801 4097 2114 4148; x_wconf 79' lang='lat' dir='ltr'>exstinctum</span> <span class='ocrx_word' id='word_1_550' title='bbox 2158 4096 2318 4146; x_wconf 79' lang='lat' dir='ltr'>fuisse</span> <span class='ocrx_word' id='word_1_551' title='bbox 2352 4101 2403 4146; x_wconf 87' lang='grc'>4.</span> <span class='ocrx_word' id='word_1_552' title='bbox 2445 4095 2560 4145; x_wconf 82' lang='lat' dir='ltr'>Csl.</span> 
     </span>
     <span class='ocr_line' id='line_1_101' title="bbox 1517 4169 2560 4237; baseline -0.007 -12"><span class='ocrx_word' id='word_1_553' title='bbox 1517 4171 1810 4234; x_wconf 78' lang='lat' dir='ltr'>Quintiles3</span> <span class='ocrx_word' id='word_1_554' title='bbox 1842 4172 1978 4237; x_wconf 86' lang='lat' dir='ltr'>quod</span> <span class='ocrx_word' id='word_1_555' title='bbox 2016 4172 2172 4222; x_wconf 81' lang='lat' dir='ltr'>etiam</span> <span class='ocrx_word' id='word_1_556' title='bbox 2209 4178 2358 4221; x_wconf 80' lang='lat' dir='ltr'>notat</span> <span class='ocrx_word' id='word_1_557' title='bbox 2397 4169 2560 4221; x_wconf 85' lang='lat' dir='ltr'>Reus·</span> 
     </span>
     <span class='ocr_line' id='line_1_102' title="bbox 1516 4241 2562 4300; baseline 0.001 -3"><span class='ocrx_word' id='word_1_558' title='bbox 1516 4243 1628 4298; x_wconf 84' lang='lat' dir='ltr'>ne&#39;r.</span> <span class='ocrx_word' id='word_1_559' title='bbox 1655 4248 1706 4298; x_wconf 90' lang='lat' dir='ltr'>iu</span> <span class='ocrx_word' id='word_1_560' title='bbox 1728 4246 1908 4300; x_wconf 77' lang='lat' dir='ltr'>Disrio</span> <span class='ocrx_word' id='word_1_561' title='bbox 1933 4246 2212 4298; x_wconf 77' lang='lat' dir='ltr'>Historico.</span> <span class='ocrx_word' id='word_1_562' title='bbox 2273 4241 2428 4298; x_wconf 78' lang='lat' dir='ltr'>Adde</span> <span class='ocrx_word' id='word_1_563' title='bbox 2439 4245 2562 4298; x_wconf 82' lang='lat' dir='ltr'>AEli·</span> 
     </span>
    </p>
   </div>
  </div>
 </body>
</html>
