3222 4944
589 346 762 416 1624
1195 356 1640 411 carnosus
1690 358 2173 409 summ-orrum

671 516 1055 577 abrahamus
1080 513 1252 575 Aba·
1283 513 1538 592 Phar-cg
1567 510 2092 573 Mm15.Raderus
2122 508 2360 571 Prolus.
2388 528 2445 569 c.
2474 511 2537 569 4.
2562 507 2789 584 scribit,

586 613 750 673 hunc
776 611 1036 672 Arabica
1080 610 1288 691 lingua
1327 610 1636 671 historiam
1666 606 1991 669 Alexandri
2018 607 2108 668 Μ.
2136 606 2555 669 contexuisse:
2583 614 2791 667 extare

593 710 714 770 Ms.
741 707 930 769 ἄποδα
956 716 1156 769 tamen
1184 707 1248 767 in
1275 706 1637 767 bibliotheca
1664 705 1978 765 Bavarica.
2798 776 2807 782 ἱ

671 805 982 869 Achmeta
1010 802 1228 876 Molla,
1257 803 1382 865 sive
1408 802 1701 863 Meulaaa
1726 801 2059 873 Achmeta,
2086 799 2204 865 hoc
2233 808 2349 874 est,
2392 798 2633 878 sapiens
2660 797 2791 859 sive

591 902 822 963 Doctor
848 900 1059 962 Achm.
1094 905 1112 932 ‘
1129 898 1475 980 rhythmicis
1513 899 1779 960 versibus
1818 898 2036 959 librum
2070 894 2337 957 historioe
2373 895 2551 957 Alex.
2574 894 2793 975 Magni

589 998 944 1079 composuit,
971 1005 1033 1057 et
1059 995 1292 1057 AEmiris
1319 994 1677 1057 Suleimanis
1705 995 1945 1055 nomine
1971 992 2338 1075 publicatum
2365 990 2577 1053 edidit.
2670 992 2793 1053 Hic

589 1098 668 1157 ab
715 1113 788 1157 eo
830 1092 1086 1153 vicissim
1125 1090 1298 1151 donis
1329 1091 1558 1151 eximiis
1601 1090 2013 1152 liberalissime
2040 1089 2267 1163 cultus,
2294 1090 2555 1150 fructum
2578 1090 2673 1151 sui
2700 1087 2823 1149 la-.

588 1191 751 1253 boris
779 1190 1018 1250 uberem
1046 1187 1220 1250 tulit:
1259 1186 1580 1249 Leunclav.
1609 1189 1772 1249 Hist.
1794 1186 2082 1249 Musulm.
2112 1187 2214 1250 lib.
2246 1207 2317 1248 x.
2346 1195 2629 1249 extremo.
2670 1186 2793 1245 Hic

587 1288 740 1349 forte
765 1296 857 1347 est
877 1284 1093 1358 Turca,
1122 1283 1198 1345 de
1224 1303 1345 1363 quo
1373 1284 1434 1343 in
1467 1286 1584 1344 flue
1616 1284 1833 1365 capitis
1857 1283 2061 1364 hujus.

670 1382 914 1445 Adonis
945 1381 1305 1443 chronicon.

672 1478 991 1541 Adrianus
1030 1477 1358 1559 Imperator
1405 1478 1584 1538 etiam
1627 1474 2070 1539 Alexandreida
2112 1476 2371 1555 scripsit.
2452 1473 2791 1555 Stephanus

589 1576 651 1636 in
677 1576 984 1653 Ἀστραία,
1011 1582 1074 1635 et
1097 1574 1160 1633 in
1190 1574 1422 1635 Σᾶνοια.

567 1732 574 1741 ,
671 1671 952 1751 AEsopus.
995 1670 1177 1731 Hunc
1216 1670 1681 1750 manuscriptum
1732 1669 2023 1731 ineditum
2065 1669 2213 1730 citat
2235 1669 2480 1728 Juretus
2513 1666 2593 1726 ad
2620 1666 2795 1747 epist.

593 1766 934 1848 Symmachi
982 1767 1087 1827 lib.
1119 1787 1214 1826 ιν.
1242 1766 1419 1849 epist.
1451 1768 1553 1829 33.
1610 1765 1885 1826 Latinum
1916 1767 2057 1826 fecit
2082 1765 2209 1825 Jul.
2231 1763 2529 1835 Valerius,
2559 1762 2639 1824 de
2670 1782 2795 1841 quo

592 1864 772 1924 infra.
858 1862 1082 1921 Putant
1107 1872 1306 1923 autem
1335 1881 1472 1923 esse
1498 1861 1801 1924 historiam
1828 1861 1992 1923 illam
2021 1860 2374 1935 fabulosam,
2393 1880 2530 1940 quse
2566 1861 2793 1941 passim

590 1960 1020 2023 circumfertur.

671 2053 1164 2137 Agatharchides
1177 2054 1430 2117 Cnidius
1448 2054 1686 2136 scripsit
1700 2054 2003 2128 historias,
2022 2074 2271 2135 quarum
2283 2056 2387 2116 lib.
2410 2074 2631 2116 xxxv,
2648 2058 2795 2117 citat

592 2152 918 2213 Athenaeus
950 2152 1369 2211 xn.6.1tem
1400 2152 1723 2213 Asiaticam
1750 2151 2082 2227 historiam,
2110 2173 2248 2231 quse
2276 2153 2532 2213 maxime
2559 2151 2797 2215 videtur

593 2248 674 2309 ad
702 2267 798 2309 res
825 2244 1153 2307 Alexandri
1179 2247 1554 2328 pertinuisse,
1577 2268 1653 2308 ex
1676 2269 1795 2327 qua
1816 2258 2064 2311 octavus
2096 2250 2241 2309 liber
2258 2248 2475 2309 citatur
2498 2249 2797 2311 Athenaeo

594 2364 695 2407 w.
728 2346 825 2403 14.
882 2344 1036 2403 Item
1054 2342 1190 2403 hist.
1220 2343 1597 2426 Europeeam,
1624 2365 1700 2405 ex
1728 2365 1849 2425 qua
1876 2344 1976 2405 lib.
2008 2364 2274 2407 xxvrn.
2298 2346 2359 2405 in
2390 2346 2795 2405 testimonium

595 2438 842 2503 adducit
856 2438 1024 2520 idem
1055 2450 1262 2502 auctor
1287 2459 1381 2502 xv.
1417 2444 1510 2503 19.
1577 2440 1813 2502 Citatur
1841 2452 1903 2503 et
1930 2440 2209 2503 AEliano
2193 2462 2252 2502 m
2282 2441 2420 2504 hist.
2452 2441 2691 2512 animal.
2724 2462 2795 2504 v.

593 2541 695 2600 27.
718 2549 778 2598 et
807 2555 956 2597 xvux
975 2539 1076 2598 27.
1102 2548 1164 2598 et
1180 2538 1522 2599 Lucianoin
1543 2537 1888 2598 Macrobiis.
1939 2538 2298 2598 Plutarchus
2327 2559 2462 2618 cap.
2484 2541 2543 2599 2.
2585 2536 2793 2598 Paral-

589 2637 841 2698 lelorum
870 2634 1153 2696 exscribit
1167 2633 1471 2695 historiam
1495 2653 1568 2693 ex
1588 2634 2054 2713 Agatharchides
2086 2634 2269 2695 Samii
2304 2625 2498 2696 rerum
2520 2621 2794 2696 Persica-
2800 2617 2809 2624 ’

592 2752 719 2794 rum
743 2733 895 2794 libro
924 2728 1212 2792 secundm
1272 2729 1462 2796 Quem
1491 2749 1596 2789 cur
1625 2731 1879 2791 eundem
1910 2751 2047 2790 cum
2076 2731 2292 2791 Cnidio
2322 2745 2524 2792 nostro
2546 2715 2793 2792 arbitra-

593 2839 690 2890 tus
711 2829 789 2888 sit
818 2826 1169 2889 Gesnerus
1155 2845 1216 2884 m
1246 2823 1527 2884 Biblioth.
1559 2845 1679 2884 non
1712 2825 1908 2888 video,
1942 2828 2119 2888 Certe
2140 2827 2438 2887 Photius
2423 2847 2481 2887 m
2506 2817 2795 2890 Biblioth.

593 2923 814 2986 diserte
873 2923 1096 2994 scribit,
1142 2920 1336 3002 patria
1379 2918 1681 2994 Cnidium,
1727 2921 1999 2982 instituto
2050 2921 2515 2984 Grammaticum
2568 2923 2796 2994 fuisse3

593 3019 847 3081 scribam
893 3019 1135 3097 insuper
1183 3027 1245 3076 et
1293 3025 1663 3095 anagnosten
1711 3017 2072 3093 Heraclidae,
2102 3019 2354 3091 Lembri,
2397 3031 2460 3080 et
2487 3019 2797 3083 alumnum

595 3115 848 3177 Cinnoei.
933 3115 1026 3175 De
1056 3122 1233 3174 aetate
1256 3113 1384 3194 ejus
1412 3113 1496 3174 ita
1522 3113 1936 3193 comperimus.
1992 3114 2143 3174 Post
2168 3115 2635 3177 Mithridaticum
2663 3116 2799 3175 bel-

593 3215 716 3274 lum
735 3213 953 3274 vixisse
979 3209 1247 3276 ostendit
1290 3209 1420 3288 ejus
1467 3211 1663 3284 locus,
1690 3230 1868 3290 quem
1914 3210 2243 3272 Athenaeus
2274 3231 2408 3271 κη.
2443 3213 2536 3272 16.
2568 3211 2794 3272 retulit.

591 3309 937 3372 florentibus
968 3308 1372 3368 Romanorum
1401 3306 1600 3379 rebus,
1635 3306 1709 3366 de
1738 3307 1949 3386 quibus
1970 3307 2344 3387 ‚interpretor
2388 3305 2547 3367 illius
2590 3295 2793 3380 ¹verba,

592 3428 731 3488 quoej
773 3406 1053 3488 leguntur
1099 3405 1158 3464 in
1197 3405 1314 3464 fine
1357 3422 1492 3482 cap.
1528 3405 1627 3464 50.
1671 3405 2120 3483 Excerptorum.
2206 3403 2369 3464 Vixit
2419 3413 2613 3480 autem
2652 3413 2795 3472 ante

591 3504 936 3582 Trajanum,
965 3520 1103 3560 nam
1132 3501 1346 3561 citatur
1373 3519 1411 3559 a
1438 3498 1761 3560 Plutarcho
1804 3501 2081 3580 Sympos.
2110 3503 2164 3559 8.
2240 3499 2475 3569 Quoest.
2501 3501 2561 3560 9.
2605 3499 2793 3578 scrip-

595 3600 744 3659 sisse
774 3607 969 3657 autem
998 3595 1292 3656 Asiaticas
1321 3615 1413 3657 res
1440 3595 1604 3656 libris
1634 3595 1864 3667 decem,
1894 3606 1956 3655 et
1996 3594 2074 3655 de
2110 3595 2366 3678 Europae
2408 3597 2584 3655 rebus
2628 3593 2794 3656 libris

599 3713 795 3768 xxix.
835 3691 1144 3752 historiam
1169 3692 1560 3770 pertexuisse,
1599 3713 1675 3752 ex
1702 3691 1917 3750 Photio
1945 3690 2252 3776 discimus,
2339 3691 2488 3752 Item
2528 3691 2794 3771 quinque

593 3792 776 3851 libros
826 3789 902 3848 de
948 3787 1151 3847 Rubro
1194 3788 1359 3860 mari,
1411 3807 1666 3866 quaeque
1705 3786 1781 3846 ad
1825 3786 1973 3846 illud
2018 3789 2338 3868 pertinent,
2369 3807 2519 3868 quos
2560 3787 2796 3868 scripsit

597 3898 774 3949 aetate
816 3887 876 3946 in
921 3883 1147 3946 senium
1188 3894 1488 3963 vergente.
1572 3884 1797 3942 Praeter
1840 3883 1973 3944 hoec
2016 3883 2455 3966 compendium,
2488 3883 2675 3954 aiunt,
2706 3905 2795 3944 re-

595 3984 839 4064 liquisse
855 4001 1078 4054 eorum,
1097 4001 1231 4060 quae
1250 3980 1326 4040 de
1352 3981 1555 4040 Rubro
1577 3981 1721 4040 mari
1753 3981 2117 4060 scripsisset3
2148 3979 2287 4041 item
2311 3979 2385 4039 de
2407 3978 2790 4060 Troglodytis

595 4081 776 4140 libros
801 4079 1102 4160 quinque;
1149 4076 1257 4139 sed
1303 4087 1364 4137 et
1411 4077 1722 4157 Epitomen
1768 4077 1958 4157 Lydes
2008 4079 2081 4137 ab
2132 4067 2488 4136 Antimacho
2528 4075 2788 4155 scriptae.

600 4176 860 4237 Rursum
885 4175 1045 4236 aliud
1077 4173 1435 4236 Breviarium
1465 4191 1690 4246 eorum,
1722 4195 1856 4253 quoe
1874 4175 1949 4236 de
1978 4169 2326 4235 collectione
2356 4173 2788 4234 admirabilium
