3222 4944
1118 426 1198 473 m
1247 426 1315 486 Q.
1361 424 1624 475 cunm
1675 424 1814 475 ms.
1862 426 1946 476 ιι.
2446 412 2616 479 1567

767 735 1607 813 CHRISTOPHORI
1688 736 2264 817 BRUNONIS

980 944 1643 1007 SUPPLEMENTUM
1689 949 1777 1009 IN
1821 948 1969 1010 LIB.
2011 949 2092 1009 11.

442 1134 635 1195 Anno
678 1138 753 1196 ab
792 1138 936 1199 urbe
984 1138 1237 1206 condita
1272 1154 1636 1201 ccccxxvi.
1681 1148 1912 1224 mortuo
1954 1140 2252 1223 Philippo,
2278 1140 2616 1202 Alexander

438 1230 612 1302 filius,
640 1234 739 1308 (ob
774 1234 1243 1313 magnitudinem
1270 1252 1467 1295 rerum
1492 1243 1792 1312 gestarum
1821 1236 2084 1316 Magnus
2111 1226 2496 1318 appellatus)
2527 1237 2611 1296 vi·

440 1328 667 1404 gesimo
694 1330 889 1389 aetatis
918 1348 1099 1401 anno,
1126 1329 1366 1408 plenum
1394 1328 1648 1410 invidia,
1669 1341 1731 1391 et
1758 1332 2118 1409 gravissimis
2146 1333 2298 1394 'odiis
2349 1352 2422 1393 ac
2464 1332 2614 1412 peri·

438 1423 588 1483 culis
620 1424 887 1502 undique
912 1426 1391 1502 circumseptum,
1422 1438 1740 1487 assecutus
1774 1435 1866 1489 est
1899 1427 2218 1507 imperium.
2303 1428 2432 1489 Nec
2459 1427 2616 1487 enim

438 1517 647 1579 vicinae
674 1521 1055 1579 barbarorum
1082 1520 1401 1599 provincia
1428 1530 1491 1578 et
1510 1520 1781 1581 nationes
1807 1520 2074 1585 modeste
2097 1524 2436 1583 servitutem
2464 1523 2615 1583 fere-

440 1613 610 1686 bant,
637 1614 799 1674 avita
824 1632 963 1674 vero
985 1613 1247 1674 dominia
1272 1615 1614 1694 patriosque
1647 1616 2010 1696 principatus
2037 1617 2415 1681 affectabant.
2487 1616 2618 1676 Pri-

442 1726 539 1768 mo
562 1709 823 1769 omnium
850 1720 1045 1771 autem
1070 1720 1364 1789 quotquot
1386 1722 1652 1789 paternae
1675 1712 1858 1772 coedis
1903 1730 2088 1773 causa
2133 1714 2386 1787 fuerant,
2430 1712 2618 1792 gravi-

441 1804 795 1865 bus‘affecit
827 1806 1037 1883 poenis.
1122 1806 1353 1865 Deinde
1395 1806 1714 1884 sepulturae
1761 1807 2026 1886 ejusdem
2053 1810 2372 1871 maximam
2391 1810 2618 1889 impen-

347 1968 356 1977 ,
440 1898 529 1959 dit
552 1919 772 1962 curam.
855 1901 1256 1980 Principatum
1298 1920 1439 1961 vero
1470 1903 1655 1962 multo
1683 1903 1892 1963 melius
1910 1922 2088 1981 quam
2114 1904 2430 1983 quisquam
2451 1904 2610 1965 exis-

440 1995 712 2057 timasset
757 1998 1143 2058 confirmavit.
1228 1997 1477 2057 Juvenis
1518 1999 1696 2071 enim,
1726 2008 1904 2079 atque
1933 2001 2010 2059 ob
2039 2010 2275 2060 nitatem
2301 1999 2498 2060 adhuc
2527 2010 2618 2060 te-

440 2108 661 2162 neram,
692 2093 768 2151 ab
796 2092 1089 2171 aliquibus
1116 2093 1439 2152 contemtui
1468 2092 1726 2165 habitus,
1768 2094 1986 2173 vulgus
2029 2096 2222 2177 ipsum
2250 2096 2610 2156 humanissi-

443 2186 553 2245 mis
603 2188 969 2247 sermonibus
1006 2188 1091 2247 ita
1114 2188 1178 2247 in
1206 2188 1299 2247 sui
1326 2188 1794 2249 benevolentiam
1822 2188 2020 2262 traxit,
2047 2202 2114 2251 ut
2142 2201 2204 2251 et
2230 2211 2398 2270 spem
2426 2192 2615 2251 maxi·

445 2300 601 2340 mam
632 2283 905 2342 omnibus
946 2284 1189 2355 faceret,
1222 2292 1285 2341 et
1310 2286 1531 2343 metum
1562 2285 1737 2343 simul
1765 2293 1943 2364 atque
1971 2296 2332 2347 contemtum
2363 2287 2454 2347 sui
2480 2287 2614 2346 uni·

444 2376 629 2437 versis
660 2377 940 2438 demeret.
982 2376 1414 2437 Macedonibus
1441 2378 1870 2439 immunitatem
1892 2390 2236 2441 cunctarum
2257 2401 2448 2442 rerum
2465 2401 2616 2459 prae·

442 2486 531 2534 ter
576 2472 799 2534 miiitiae
838 2472 1207 2534 vacationem
1244 2470 1433 2533 dedit.
1518 2472 1654 2543 Quo
1696 2474 1856 2534 facto
1882 2484 2113 2536 tantum
2140 2478 2252 2539 sibi
2279 2479 2618 2540 conciliavit

442 2570 725 2642 favorem,
754 2579 825 2629 ut
847 2569 948 2630 alii
974 2587 1209 2648 corpus,
1238 2587 1359 2630 non
1381 2569 1679 2641 virtutem,
1709 2567 1810 2628 alii
1833 2589 1971 2630 vero
1999 2589 2212 2631 nomen
2240 2574 2398 2652 regis
2425 2575 2615 2634 solum

442 2665 815 2724 immutatum
842 2683 975 2724 esse
1002 2663 1283 2724 dicerent.
1351 2663 1431 2724 Et
1457 2683 1593 2724 cum
1619 2663 1786 2723 initio
1808 2665 2096 2724 tumultus
2119 2665 2382 2744 undique
2407 2679 2616 2728 contra

440 2760 633 2840 ipsum
660 2760 849 2820 exorti
870 2771 1093 2833 essent,
1120 2758 1393 2831 audacia,
1420 2768 1484 2818 et
1508 2758 1684 2818 animi
1713 2759 2052 2820 constantia
2079 2761 2426 2835 incredibili,
2451 2762 2613 2823 citis·

444 2854 588 2915 sime
628 2865 825 2916 motus
862 2873 1071 2916 omnes
1096 2854 1463 2934 compressit.
1548 2853 1860 2914 Profectus
1902 2854 2124 2916 deinde
2163 2857 2512 2918 Corinthum
2552 2859 2612 2918 in

432 2931 943 3029 Peloponnesum,
992 2949 1249 3030 generali
1296 2949 1479 3010 totius
1523 2948 1777 3010 Groecioe
1821 2950 2092 3024 concilio,
2143 2962 2350 3014 contra
2377 2953 2613 3025 Persas,

440 3049 719 3124 (quorum
763 3057 891 3106 erat
932 3063 1005 3106 eo
1040 3055 1301 3127 tempore
1350 3064 1644 3106 summum
1689 3045 1750 3103 in
1802 3047 1972 3107 terris
2019 3047 2346 3128 imperium,
2395 3050 2613 3129 quique

447 3140 737 3202 Groeciam
767 3161 929 3220 saepe
956 3140 1156 3201 multis
1180 3139 1449 3201 cladibus
1480 3140 1834 3214 afflixerant)
1863 3142 2186 3221 Imperator
2213 3155 2307 3204 est
2333 3145 2613 3224 designa·

441 3246 568 3297 tus.
648 3236 955 3313 Siquidem
985 3247 1155 3312 pater
1186 3235 1315 3312 ejus
1342 3233 1501 3293 idem
1528 3235 1750 3295 bellum
1777 3235 2178 3309 inchoaverat,
2203 3248 2388 3298 morte
2417 3248 2613 3300 tamen

447 3339 805 3409 praeventus,
832 3345 1241 3388 consummare
1266 3326 1429 3386 haud
1458 3338 1750 3405 potuerat.
1835 3331 1906 3388 In
1933 3329 2110 3408 hujus
2151 3332 2288 3391 belli
2325 3345 2612 3411 apparatu

446 3425 772 3495 nuntiatur,
798 3422 1214 3493 Athenienses,
1261 3420 1596 3492 Thebanos,
1643 3433 1706 3482 et
1745 3422 2250 3497 Lacedaemonios‚
2298 3427 2372 3484 ab
2420 3445 2492 3486 eo
2533 3427 2612 3487 ad

449 3519 665 3580 Persas
682 3517 987 3590 defecisse,
1006 3526 1420 3595 auctoremque
1437 3515 1563 3595 ejus
1581 3515 1948 3590 defectionis,
1967 3535 2184 3597 mag-no
2207 3521 2332 3581 auri
2351 3521 2614 3600 pondere

450 3635 487 3674 a
543 3613 739 3675 Persis
782 3621 1139 3692 corruptum,
1187 3612 1650 3674 Demosthenem
1699 3622 1986 3674 oratorem
2013 3613 2299 3676 extitisse.
2382 3617 2611 3686 Quibus

450 3710 705 3770 motibus
730 3727 1104 3781 occursurus,
1128 3718 1295 3768 tanta
1320 3709 1622 3780 celeritate
1655 3707 1946 3774 instructo
1993 3720 2316 3791 paratoque
2349 3715 2610 3792 exercitu

454 3804 743 3864 Groeciam
779 3803 1093 3885 oppressit,
1132 3814 1201 3864 ut
1246 3823 1423 3884 quem
1466 3805 1664 3864 venire
1693 3821 1812 3863 non
1841 3816 2167 3878 senserant,
2197 3806 2394 3868 videre
2421 3825 2486 3869 se
2513 3811 2610 3869 vix

452 3899 777 3960 crederent.
858 3899 928 3962 Iu
975 3897 1227 3959 transitu
1272 3898 1541 3960 hortatus
1584 3899 1928 3973 Thessalos,
1975 3901 2387 3963 beneficiorum
2426 3905 2607 3984 patris

450 3993 1004 4067 commonefaciens,
1030 4003 1485 4054 commemorata
1521 3997 1700 4055 etiam
1726 3996 1907 4056 veteri
1935 3997 2309 4075 cognatione,
2335 4017 2472 4076 quae
2500 4001 2608 4060 sibi

452 4109 589 4152 cum
616 4088 733 4149 illis
778 4107 885 4168 per
930 4087 1246 4150 Herculem
1284 4099 1463 4162 esset,
1512 4091 1994 4169 sermonibusque
2042 4091 2499 4166 humanissimis,
2542 4108 2608 4156 ut

454 4204 672 4266 magna
692 4203 729 4246 a
750 4204 815 4248 se
850 4195 1173 4266 sperarent,
1198 4202 1509 4264 persuasos
1536 4183 1788 4262 induxit,
1814 4198 1884 4249 ut
1906 4187 2200 4249 communi
2225 4186 2404 4248 totius
2425 4189 2607 4252 Thes-
