3222 4944
847 436 912 495 Q.
959 433 1214 481 cuum
1267 432 1444 481 nur!
1495 432 1641 481 mn.
1690 432 1849 481 vm.
1898 432 2065 482 car.
2111 418 2223 483 13.

411 588 528 623 rum
564 572 766 633 dicunt,
803 584 952 637 quarn
987 572 1076 636 qui
1119 572 1466 636 Hispanorum

413 652 590 700 Duces
613 650 836 699 Romulos
857 646 1022 696 dictos
1047 647 1388 697 contenderet
1401 660 1470 697 ex

413 724 570 775 Floro
591 737 656 773 11.
680 726 761 773 17.
783 727 863 772 15.
909 722 1132 771 Freinsh-

477 800 508 861 ς
531 802 592 847 16
623 798 805 847 Aureus
837 796 1052 859 coronas]
1085 795 1148 845 Iu
1189 796 1467 861 precipuis

353 924 366 929 ,
411 872 708 923 muneribus
746 888 948 923 corone
993 886 1165 922 altreie
1204 879 1376 933 erant,
1411 879 1468 923 et

413 948 619 1010 regibus
653 954 712 997 et
749 948 900 996 rebus
938 946 1178 1008 publicis,
1215 952 1272 995 et
1311 947 1467 995 claris

413 1023 690 1072 victoribus
732 1020 902 1073 offerri
939 1022 1125 1071 solite.
1193 1020 1280 1070 Sic
1317 1020 1470 1069 Alex-

409 1096 571 1149 andro
605 1096 744 1159 Tyrii
778 1096 940 1157 legati
978 1108 1219 1145 coronant
1258 1108 1466 1143 auream

410 1169 736 1231 adferebant,
763 1183 849 1219 m.
880 1173 931 1217 2.
953 1174 1003 1217 2.
1044 1168 1240 1230 Greci,
1275 1183 1392 1232 cap.
1414 1174 1468 1217 5.

409 1248 492 1295 11.
561 1245 804 1296 Romanis
847 1244 1318 1307 Carthaginienses,
1361 1245 1468 1294 Ne-

406 1334 500 1383 pos
550 1321 728 1371 Hann.
759 1334 874 1383 «zap.
897 1322 946 1369 7.
986 1320 1200 1369 Romani
1233 1319 1466 1383 Rhodiis,

405 1394 525 1444 Ην.
563 1407 732 1445 xxxr.
773 1398 854 1443 16.
917 1393 1004 1443 Sic
1045 1407 1248 1457 quoque
1287 1394 1468 1457 Olym-

407 1470 510 1533 pias
554 1470 778 1520 victores
817 1470 1018 1519 coronis
1059 1470 1230 1518 aureis
1268 1470 1493 1533 donati,-

407 1546 547 1614 Nep²
571 1544 742 1596 Alcib.
765 1558 883 1607 cap.
899 1548 952 1593 6.
974 1551 1030 1592 et
1051 1544 1248 1593 Siccius
1273 1545 1464 1594 Denta-

408 1628 496 1669 tus
527 1628 648 1669 octo
681 1620 834 1681 hujus
857 1618 1060 1681 generis
1091 1618 1308 1679 coronis,
1328 1618 1470 1667 Gell.

404 1708 472 1744 ιι.
501 1698 580 1745 11.
603 1696 782 1745 Celtar-

473 1770 592 1832 Ipsi,
611 1769 886 1833 amicisque]
919 1768 1010 1818 Sic
1052 1766 1190 1830 apud
1229 1768 1460 1819 Tacitum

404 1858 468 1895 n.
489 1848 571 1894 67.
595 1848 650 1893 6.
679 1846 696 1874 ⁴
720 1844 782 1893 Iu
804 1843 1042 1893 convivio
1077 1841 1352 1891 Nabatbaei
1381 1856 1458 1892 re·

406 1920 505 1984 gis,
537 1933 746 1969 eorouoe
791 1932 961 1969 auree
999 1918 1460 1981 magno-pondere

406 1996 598 2045 Caesari
615 2002 671 2043 et
693 1993 1016 2057 Agrippina,
1031 1993 1177 2043 leves
1200 1993 1378 2043 Pisoni
1401 2000 1460 2043 et

405 2070 592 2123 ceteris
613 2068 936 2120 offeruntur?
999 2068 1153 2121 Quod
1183 2068 1456 2119 discrimen

403 2145 486 2195 bic
527 2146 686 2193 etiam
730 2144 1058 2194 observatum
1107 2142 1268 2192 fuisse
1311 2151 1456 2205 puta.

371 2218 563 2282 “Apud
601 2219 870 2282 AEgyptios
901 2226 1074 2267 tamen
1115 2226 1296 2279 postea
1336 2218 1459 2267 solis

403 2293 633 2356 Regibus
657 2294 740 2341 liic
761 2293 920 2341 bonor
949 2292 1154 2341 babitus
1175 2298 1278 2353 est,
1295 2292 1460 2343 donec

403 2370 758 2419 Aristomenes
788 2381 883 2431 per
915 2366 1262 2416 adulationem
1286 2365 1460 2415 defer-

403 2450 486 2495 ret
523 2444 760 2494 enimdem
785 2440 1078 2507 Agathocli.
1145 2438 1332 2504 Polyb.
1363 2453 1462 2493 xv,

402 2522 488 2568 29.
523 2519 745 2568 Freinsh-

468 2595 498 2657 ς
526 2596 588 2642 16
617 2591 833 2655 Adiecit]
884 2590 1150 2652 ‘Operam
1189 2589 1325 2639 enlm
1371 2589 1461 2638 da-

401 2670 512 2732 bat,
534 2677 592 2718 ut
617 2681 796 2718 omnes
828 2667 1056 2716 homines
1092 2665 1462 2715 benevolentia*

401 2741 709 2808 superaret?
755 2742 996 2805 Polymn.
1020 2754 1097 2790 ιν.
1121 2744 1170 2789 8.
1197 2745 1244 2790 1.
1290 2745 1306 2770 ⁴
1330 2739 1458 2790 Glo-

401 2821 519 2870 riari
537 2819 552 2842 ’
573 2818 696 2882 quin
719 2817 876 2866 etiam
901 2821 916 2845 ⁴
933 2815 1156 2874 solebat,
1177 2829 1206 2862 a
1235 2815 1376 2864 nullo
1396 2827 1454 2864 se

402 2893 664 2945 beneficiis
699 2891 931 2952 victum,’
973 2897 1110 2942 teste
1146 2890 1350 2940 Seneca
1385 2889 1454 2941 de

401 2969 584 3022 Benef.
607 2984 663 3020 v.
686 2973 734 3021 6.
761 2973 804 3018 1.
837 2967 1150 3017 Plutarchus
1186 2980 1302 3028 cap.
1342 2969 1455 3034 ,¹⁰⁸⁰

401 3052 600 3109 narrat,
619 3045 742 3094 huic
773 3042 874 3107 ipsi
904 3041 1072 3091 Taxili
1096 3041 1149 3088 iu
1180 3042 1346 3104 primo
1368 3055 1454 3090 eo·

402 3135 514 3172 rum
555 3133 832 3184 congressu
876 3131 970 3166 sua
1009 3116 1178 3166 omnia
1215 3113 1454 3166 offerenti

399 3194 756 3259 respondissez
791 3199 807 3222 ⁴
831 3191 1152 3242 Conteudam
1176 3199 1346 3240 tecum
1367 3190 1454 3240 be·

400 3271 616 3330 nefleils,
649 3283 716 3317 ne
755 3281 840 3316 rue
869 3281 1082 3328 superes
1119 3265 1456 3328 benignitate.

401 3346 485 3396 Ac
505 3343 806 3393 muneribus
827 3339 1056 3402 acceptis
1087 3341 1261 3388 miultis
1279 3339 1459 3403 (addit

399 3422 476 3472 ibi
500 3416 666 3480 Plut.)
687 3415 926 3478 datisque
959 3412 1210 3476 pluribus,
1235 3411 1460 3473 deniqne

397 3497 541 3547 mille
563 3495 814 3545 talentum
837 3489 1039 3554 argenti
1055 3486 1246 3550 signati
1270 3485 1319 3535 ei
1341 3499 1458 3548 pro-

397 3572 594 3638 pinavit
617 3565 906 3637 (προέπιεν.)
924 3566 1042 3617 Qua
1063 3578 1120 3614 re
1155 3563 1306 3613 torsit
1331 3561 1456 3612 arni·

401 3661 488 3698 eos
526 3643 754 3708 acriter:
790 3647 890 3693 &e-
955 3641 1104 3691 Idem
1139 3639 1330 3689 Strabo
1366 3637 1454 3689 lib.

401 3735 495 3774 κν.
547 3724 570 3768 ‘.
590 3720 740 3770 Adeo
777 3727 837 3770 ut
897 3717 1213 3768 Macedones
1259 3713 1455 3767 invidia

399 3797 627 3860 correpti
655 3797 920 3846 dicereute
955 3793 1113 3844 Quasi
1137 3806 1262 3842 vero
1293 3791 1455 3842 Alex-

398 3872 562 3923 ander
583 3886 686 3921 non
707 3870 991 3923 habuisset,
1025 3867 1208 3931 quibus
1237 3865 1454 3938 benefa-

397 3953 566 4008 ceret,
598 3947 889 4011 priusquam
924 3942 1108 3993 Indum
1147 3941 1454 4006 trajiceret!

402 4021 629 4074 Freinsh-

466 4101 497 4165 ς
515 4101 576 4148 17
608 4095 800 4146 Andros
817 4093 1044 4158 offendit]
1080 4089 1230 4141 Adeo
1261 4097 1322 4141 ut
1345 4104 1454 4154 pra

401 4171 671 4224 iracundia
701 4170 958 4232 dicerent,
980 4165 1332 4218 Alexandrum
1355 4178 1456 4214 nou

397 4249 650 4314 babuisse,
680 4246 864 4313 quibus
904 4242 1258 4306 benefaceret,
1292 4240 1458 4306 prius·

2430 416 2606 483 1397

1542 580 1705 637 quan?
1719 572 1905 621 Indum
1927 572 2215 635 trajiceret.
2282 572 2470 623 Strabo
2507 572 2608 621 lib·

1543 661 1638 698 xv.
1660 648 1751 698 sed
1774 655 1829 698 et
1850 648 1925 696 sic
1954 646 2321 710 μεγαλοψυχίαν
2351 662 2495 696 suam
2520 661 2602 696 os-

1543 724 1759 773 tendere
1803 722 1969 772 voluit
2016 722 2342 773 Alexander:
2390 723 2457 772 de
2498 736 2601 787 qua

1541 796 1765 847 Aristot.
1790 797 1959 847 Etbic.
1984 811 2059 846 w.
2080 801 2128 845 8.
2152 797 2421 847 Loccenius.

1604 875 1634 936 ᾖ
1655 876 1717 921 18
1744 873 1935 921 luviano
1946 872 2177 935 homines]
2211 872 2369 923 ovid.
2388 872 2520 921 Met.
2538 884 2601 921 n.

1538 952 1653 997 782.
1666 948 2072 1012 ‘intabescitque
2090 947 2308 998 ridendo
2320 948 2601 997 Successus

1537 1024 1813 1086 hominum,
1836 1023 2120 1087 carpitque,
2144 1027 2198 1071 et
2222 1023 2454 1085 carpitur
2476 1036 2599 1081 uua,

1539 1098 1962 1162 suppliciumque
1984 1112 2129 1146 suurn
2152 1097 2273 1148 eat?
2340 1098 2526 1146 Horat.
2552 1110 2591 1145 1.

1539 1173 1637 1236 Ep.
1663 1177 1743 1224 11.
1765 1177 1847 1222 ⁶8.
1877 1174 1894 1201 ⁸
1920 1172 2125 1223 Invidia
2142 1174 2303 1224 Siculi
2328 1187 2431 1221 non
2455 1172 2597 1219 inve-

1537 1262 1663 1298 nere
1716 1248 1953 1312 Tyranni
2015 1248 2189 1312 Majus
2243 1245 2596 1301 tormentum?

1537 1322 1759 1375 freis-211.

1601 1400 1735 1448 Car.
1760 1410 1884 1447 xm.
1919 1398 1947 1461 ς
1974 1402 2001 1447 1
2038 1396 2281 1459 Abisares]
2313 1395 2330 1426 ⁸
2355 1396 2599 1446 Ambisa-

1537 1470 1681 1519 rum’
1723 1470 1971 1521 Arrianus
2027 1484 2080 1521 v.
2112 1474 2161 1521 2.
2203 1476 2253 1520 1.
2286 1478 2343 1519 et
2379 1486 2427 1520 v.
2462 1475 2511 1520 Β.
2546 1474 2597 1521 6.

1539 1547 1555 1574 ‘
1581 1545 1911 1608 Abissarem‚’
1932 1548 2057 1596 alibi
2091 1549 2107 1576 ‘
2133 1548 2436 1597 Abiasarem
2455 1546 2470 1569 ’
2501 1561 2595 1609 ap·

1539 1621 1719 1682 pellat.
1762 1620 2107 1670 ‘Abisamm'
2139 1620 2333 1670 Strabo
2366 1620 2457 1669 lib.
2494 1631 2596 1668 xv-

1538 1694 1797 1746 Diodorua
1834 1707 1983 1745 xvir.
2028 1698 2113 1744 90.
2174 1696 2192 1723 ⁴
2230 1692 2597 1744 Embisarum.’

1533 1771 1765 1820 Roda-ua
1841 1770 1995 1819 Hunc
2026 1771 2178 1820 etiam
2210 1770 2460 1833 iutelligit
2492 1768 2592 1819 Ar·

1533 1845 1661 1895 rian-
1700 1858 1778 1894 ιν.
1802 1851 1854 1895 6.
1895 1850 1977 1895 31.
2008 1846 2239 1909 quamvis
2276 1846 2349 1895 ibi
2392 1846 2595 1908 legatur

1529 1920 1545 1945 ‘
1570 1918 1883 1979 Barisades,'
1910 1920 2259 1982 transpositis,
2280 1927 2337 1969 ut
2368 1933 2509 1981 smpe
2532 1926 2591 1968 et

1532 1994 1677 2055 alias,
1713 1994 1909 2044 literis:
1943 1994 2083 2057 apud
2124 1994 2311 2043 AElian.
2344 1993 2410 2043 de
2448 1992 2593 2041 Hist.

1534 2068 1705 2118 Anim.
1730 2082 1845 2120 xvi.
1869 2072 1951 2118 89.
1980 2070 1998 2098 ‘
2026 2067 2363 2132 Aposisares!
2406 2068 2594 2117 suidas

1532 2144 1548 2171 ‘
1571 2143 1846 2195 Abisarum
1865 2143 1880 2166 '
1902 2144 2001 2195 loci
2040 2156 2227 2194 nomen
2252 2141 2396 2193 fecit.
2418 2142 2595 2192 Frein-

1595 2295 1625 2356 §
1648 2298 1679 2341 2
1702 2292 2025 2357 Cleocharen]
2070 2292 2239 2357 Hujus
2276 2304 2460 2341 nomeu
2502 2304 2592 2341 ex-

1536 2374 1617 2417 tra
1658 2369 1895 2419 Curtium
1939 2368 2075 2431 apud
2120 2368 2377 2417 neminem
2418 2365 2592 2421 alium,

1533 2442 1631 2491 nisi
1654 2456 1735 2491 me
1760 2442 1892 2492 fallit
1910 2444 2173 2507 memoria,
2192 2456 2288 2492 nec
2306 2441 2433 2492 alias
2450 2440 2589 2505 apud

1533 2517 1698 2580 ipsum
1721 2518 1954 2566 Curtium
1977 2519 2100 2580 legi,
2122 2532 2185 2566 ex
2214 2531 2317 2580 quo
2340 2515 2493 2566 facile
2518 2517 2592 2564 in-

1533 2593 1727 2656 telligo,
1760 2605 1876 2641 eum
1922 2605 2023 2641 non
2056 2591 2213 2640 fuisse
2246 2607 2309 2639 ex
2344 2591 2595 2653 majorum·

1531 2667 1763 2731 gentium
1784 2665 1987 2729 ordine,
2002 2679 2234 2721 numero,
2256 2671 2313 2714 et
2339 2665 2471 2713 loeo·
2492 2665 2593 2714 R«-

1528 2746 1687 2792 dem.

1593 2821 1623 2882 ᾖ
1642 2822 1673 2867 8
1700 2815 1987 2879 Bar-zeum]
2022 2817 2357 2879 Drangarum
2378 2821 2593 2880 satrapa

1529 2902 1584 2945 et
1603 2893 1933 2943 finitimorum
1956 2891 2372 2952 Arachosiorum,
2389 2893 2478 2958 qui
2501 2891 2591 2941 ad-

1529 2977 1779 3020 ventante
1811 2984 1901 3020 eas
1935 2971 1986 3018 iu
2022 2970 2259 3034 regiones
2286 2969 2587 3022 Alexandro

1528 3044 1761 3109 profugit
1790 3045 1843 3093 iu
1880 3045 2102 3108 Indiam,
2136 3061 2299 3109 snpra
2322 3060 2397 3098 vr.
2428 3050 2479 3097 θ.
2504 3050 2591 3096 86.

1529 3122 1650 3171 inde
1695 3120 1978 3170 sollicitans
2025 3118 2350 3183 Arachosios,
2389 3121 2444 3170 iu
2486 3136 2591 3186 qua

1527 3211 1714 3260 nempe
1749 3204 1903 3260 geute
1941 3200 2131 3248 multos
2166 3198 2331 3249 adhuc
2370 3199 2590 3248 haberet

1527 3274 1747 3324 clientes
1784 3276 1839 3322 et
1868 3272 2089 3321 amieos:
2124 3272 2295 3322 donec
2336 3272 2401 3321 ab
2440 3270 2589 3321 India

1527 3347 1947 3408 comprehensus,
1958 3344 2365 3408 Alexandroque
2381 3334 2591 3396 deditus

1529 3427 1629 3468 est.
1676 3418 1929 3465 Arrianus
1954 3428 2039 3466 m.
2056 3421 2107 3464 4.
2132 3420 2208 3464 18.
2244 3431 2359 3479 quae
2378 3416 2591 3466 diversis

1529 3487 1849 3552 temporibus
1884 3486 2025 3538 facta
2057 3487 2309 3537 distinete
2354 3487 2585 3553 prodidit

1529 3565 1763 3626 Curtius,
1784 3561 2081 3626 conjunxit:
2115 3564 2132 3593 ‘
2150 3563 2469 3615 Barsaiintes
2501 3579 2589 3616 re—

1528 3654 1605 3701 ro,
1628 3639 1843 3703 quitum
1864 3651 1975 3686 eam
2008 3637 2271 3701 regionem
2309 3639 2587 3690 obtinebat

1523 3716 1783 3781 (Drangas
1824 3719 1988 3776 puta;
2018 3713 2131 3777 ipse
2168 3714 2463 3776 Zoroagoeos
2496 3731 2585 3766 vo.

1525 3789 1639 3856 eat)
1660 3803 1791 3839 uuus
1812 3802 1877 3838 ex
1902 3788 1982 3849 iis,
2020 3789 2107 3853 qni
2139 3790 2353 3840 Darium
2378 3791 2429 3839 ln
2463 3790 2586 3854 fuga·

1525 3870 1915 3932 oppresserant,
1949 3865 2158 3928 cognito
2178 3863 2465 3914 Alexandri
2494 3864 2585 3914 ad-

1526 3951 1703 3999 ventu,
1727 3941 1793 3992 ad
1830 3940 2007 4001 Indos,
2036 3941 2123 4005 qui
2156 3940 2231 3989 cis
2267 3940 2455 3990 Indum
2490 3939 2585 3990 flu-

1525 4032 1647 4069 men
1672 4017 1924 4072 incolunt,
1947 4012 2098 4078 fugit,
2116 4029 2269 4079 quem
2292 4015 2411 4064 Iudi
2446 4029 2586 4064 eonn—
2623 4068 2635 4079 ,

1529 4093 1841 4159 prehensum
1864 4089 1929 4140 ad
1951 4090 2307 4140 Alexandrum
2348 4091 2583 4140 mittunt.

1527 4166 1832 4218 Alexander
1864 4166 2026 4220 illum,
2059 4164 2126 4215 ob
2160 4163 2448 4229 perfidiam,
2484 4179 2587 4230 qua

1528 4257 1657 4310 erga
1700 4240 1927 4297 Darium
1968 4253 2088 4290 usus
2130 4237 2318 4301 fuerat,
2361 4239 2581 4294 interfici
