3222 4944
838 458 906 515 Q.
954 453 1211 505 cuu‘ru
1263 409 1447 502 mim
1498 453 1645 502 mn.
1689 453 1825 503 vn.
1873 453 2032 504 οΑι».
2081 441 2146 504 5.

388 596 661 653 ranorum!
680 597 813 662 quod
834 597 1005 662 potuit
1020 611 1132 648 esse
1153 611 1338 648 nomeu
1359 597 1449 649 ob-

392 673 632 722 scurioris
654 674 805 734 inter,
826 681 915 722 aut
931 673 1090 736 juxta
1118 672 1445 734 Bactrianos,

392 747 587 810 populi.
648 745 752 796 Sed
784 745 977 796 fuerint
1008 746 1271 810 Sogdiani,
1292 748 1447 796 etiam

395 825 525 870 citra
557 822 747 877 Oxum,
769 831 915 872 certe
947 824 1063 872 haec
1096 823 1303 872 deserta
1335 822 1449 874 fue·

397 905 534 960 runt,
564 905 621 948 et
653 899 787 947 haud
824 899 981 948 dubie
1016 901 1067 946 in
1105 897 1352 948 inferiore
1388 913 1451 948 ac

394 973 668 1023 remotiore
690 981 856 1024 tractu
882 989 913 1022 a
934 973 1109 1031 fluvio,
1136 987 1291 1038 quum
1312 975 1363 1022 iu
1390 975 1454 1024 ri-

392 1061 487 1111 pas
510 1055 772 1098 tantorum
802 1046 1064 1098 fluminum
1090 1058 1229 1100 terra
1252 1059 1354 1098 nou
1376 1049 1453 1099 fa-

392 1122 490 1172 cile
516 1123 808 1186 reperiatur
834 1129 937 1173 tam
968 1125 1105 1174 sicca
1139 1132 1193 1174 et
1226 1123 1453 1176 deserta·

394 1198 481 1249 Ita
501 1213 623 1251 vero
646 1207 802 1250 erunt
818 1203 871 1252 lii
893 1202 1061 1265 campi
1082 1203 1222 1252 cirea
1238 1203 1455 1265 gradum

394 1278 476 1326 4⁸.
495 1275 787 1326 latitudiuis
802 1277 1254 1341 septentrionalis,
1272 1278 1455 1328 eodem

396 1351 447 1399 iu
472 1352 679 1402 climate
703 1365 805 1414 quo
828 1352 1119 1402 Meridiaua
1142 1353 1335 1416 Gallia,
1367 1360 1457 1403 ant

396 1427 829 1489 Septentrioualis
844 1428 1022 1482 ltalia.
1073 1428 1137 1477 lu
1160 1427 1257 1478 hoc
1281 1435 1456 1478 autem

398 1505 621 1555 climatis
645 1512 835 1570 tractu,
863 1512 951 1554 aut
986 1506 1038 1554 in
1074 1506 1174 1554 illis
1198 1506 1382 1556 Galliae
1404 1512 1462 1556 et

397 1579 571 1629 Italiae
606 1579 838 1643 partibus
863 1575 913 1627 si
929 1580 1257 1642 reperiuntur
1291 1583 1459 1645 campi

400 1658 514 1704 ⁴0⁰.
536 1653 823 1704 stadiorum
845 1655 987 1710 sicci,
1010 1655 1231 1717 arenosi,
1248 1654 1464 1720 deserti,

396 1732 415 1758 ‘
433 1733 485 1780 iu
508 1730 694 1794 quibus
718 1743 784 1780 ne
807 1729 1037 1780 modicus
1056 1729 1261 1794 quidem
1283 1730 1463 1781 humor

400 1803 654 1868 exsistat,’
696 1805 817 1855 istic
854 1819 973 1856 vero
1013 1820 1077 1857 an
1114 1805 1245 1855 adeo
1284 1805 1462 1855 absur-

402 1882 523 1933 dum
568 1879 724 1945 foret,
764 1882 1087 1947 deprehendi
1132 1891 1224 1932 aut
1266 1883 1464 1932 narrari

401 1966 416 1989 ⁸
442 1956 771 2009 immodicum
807 1966 961 2009 terrai
986 1957 1241 2008 fervorem
1258 1956 1275 1980 ’
1298 1957 1467 2007 media

405 2041 607 2095 astate,
638 2042 697 2083 ut
732 2033 945 2097 proinde
972 2033 1233 2083 exercitus
1260 2047 1356 2096 per
1378 2046 1467 2082 eos

403 2109 631 2160 interdiu
656 2108 777 2159 duci
801 2109 885 2158 vix
911 2110 1111 2172 possit?
1144 2109 1466 2159 Crediderim

402 2185 641 2248 equidem
664 2183 901 2246 Graecos,
934 2191 992 2234 ut
1026 2186 1275 2248 pleraque
1310 2199 1469 2248 expe-

405 2261 617 2310 ditionis
650 2275 760 2310 suin
795 2260 1135 2322 incommoda,
1158 2259 1235 2308 ita
1256 2267 1311 2308 et
1334 2260 1470 2310 huuc

406 2349 701 2399 camporum
735 2339 1001 2400 vapore'm,
1024 2343 1080 2385 et
1113 2335 1469 2398 Paropamisa-

406 2415 584 2464 darum
604 2413 768 2477 frigus
786 2413 1015 2468 oratoria
1038 2410 1226 2472 αὐξήσει
1247 2412 1471 2475 aliquau-

410 2491 571 2539 tulu'm
591 2490 860 2549 extulisse,
879 2502 1073 2549 eosque
1094 2494 1329 2534 secutum
1346 2488 1475 2535 Cur-

412 2568 575 2626 tinm;
606 2562 699 2613 sed
736 2576 908 2612 rerum
948 2576 1217 2622 summam,
1251 2560 1399 2623 cujus
1421 2560 1475 2609 in

414 2648 628 2689 anctore
660 2639 737 2688 ita
783 2652 847 2688 ex
894 2634 1130 2701 professo
1166 2635 1476 2699 exagitando

413 2715 551 2764 ratio
573 2714 897 2779 potissimum
919 2712 1095 2762 haberi
1118 2710 1366 2772 debebat,
1390 2726 1473 2760 ve·

413 2804 521 2840 ram
544 2787 723 2852 fuisse,
746 2794 801 2839 et
832 2788 957 2838 nihil
992 2789 1253 2837 continere
1279 2786 1476 2850 ἀτόπου,

412 2866 603 2916 nedum
644 2870 659 2895 ⁸
684 2874 743 2915 ut
786 2866 961 2915 omnia
993 2863 1275 2929 ἆσοπήματα
1302 2864 1477 2914 multis

416 2941 717 3006 parasangis
752 2940 1005 3005 superet,'
1052 2941 1221 2989 utullus
1257 2939 1476 2989 dubitet

416 3024 564 3067 certe
584 3018 778 3066 nullam
802 3018 915 3080 ejus
941 3022 1139 3066 tautum
1162 3030 1227 3065 ex
1252 3016 1477 3065 climatis

418 3101 475 3143 et
492 3095 629 3143 situs.
642 3100 946 3157 argumento
966 3092 1265 3156 rejiciendae
1286 3098 1377 3141 anit
1392 3106 1481 3141 ex-

420 3170 691 3233 plodeudae
731 3169 983 3218 rationem
1030 3168 1199 3218 video.
1256 3168 1479 3218 Perim-

424 3246 562 3294 σιω.
590 3244 733 3294 Vina.
758 3248 1078 3307 p.142.143.

486 3323 517 3383 ᾗ
540 3326 569 3367 5
609 3320 903 3368 Nocturnum
936 3317 1055 3381 iter]
1088 3318 1174 3367 Sic
1212 3325 1391 3381 postea
1425 3318 1480 3366 iu

426 3394 677 3445 Gedrosis
741 3394 1013 3457 plurimum
1068 3394 1271 3443 itineris
1327 3401 1482 3443 noctu

424 3468 672 3519 confecit.
738 3468 944 3517 Arriau.
984 3480 1063 3517 vt.
1102 3470 1153 3517 4.
1190 3470 1269 3518 15.
1305 3474 1361 3518 et
1400 3470 1483 3517 22.

425 3566 575 3617 quem
610 3566 726 3602 cum
760 3552 859 3600 hoc
892 3549 1005 3599 loco
1039 3558 1337 3609 comparare
1368 3557 1487 3609 pos-

427 3630 513 3678 sis.
558 3627 777 3678 Freinsh-

492 3706 573 3767 §6
608 3700 847 3767 Deficere]
878 3700 941 3750 Iu
968 3699 1186 3764 vulgatis
1222 3696 1367 3747 libris
1406 3700 1487 3745 est

428 3779 623 3845 deficere
642 3782 915 3843 «ποιμενικὴ
939 3776 1028 3825 sed
1054 3788 1170 3825 cum
1204 3773 1255 3823 in
1281 3772 1487 3835 scriptis

429 3856 634 3913 defecere
673 3855 953 3915 legeretur,
972 3850 1138 3901 facile
1171 3849 1220 3898 ei
1254 3846 1371 3911 fuit,
1399 3846 1487 3912 qui

432 3942 625 3978 morem
679 3929 956 3977 solemnem
1003 3925 1173 3974 sciolis
1222 3923 1356 3987 istis,
1399 3921 1487 3986 qui

433 4005 602 4054 omnia
647 4004 987 4067 interpolant,
1036 4008 1213 4049 notum
1256 3999 1490 4060 haberet,

434 4078 704 4130 advertere
726 4079 853 4127 illud
874 4080 1111 4140 coeperunt
1128 4090 1157 4123 s
1176 4074 1342 4138 glossa
1360 4084 1487 4123 esse.

434 4155 647 4203 Modicus.

499 4232 581 4295 §⁷
630 4226 944 4292 Hominibus]
1015 4225 1292 4275 venustius
1339 4224 1493 4288 absit,

436 4320 531 4357 nee
552 4311 629 4355 est
655 4302 789 4353 forte
810 4305 905 4353 nisi
930 4318 959 4351 e
991 4304 1173 4367 glossa.
1224 4301 1488 4351 Acidalius.

2384 475 2390 484 ·
2405 437 2574 504 1261

1522 597 1832 663 Hominibus]
1895 597 2042 647 Bene
2095 595 2360 646 Acidaiius
2403 593 2580 648 abesse

1521 675 1717 724 rectius
1743 680 1906 737 putat.
1942 673 2192 723 Heinsius.

1588 751 1666 812 §8
1685 749 1852 814 Aqua]
1893 749 1998 799 Hic'
2022 747 2226 813 quidem
2249 761 2348 798 uon
2368 747 2582 802 dubium

1525 825 1649 889 quin
1689 825 2094 876 additamentum
2139 825 2207 874 sit
2245 839 2385 888 oque.
2461 825 2584 874 Nou

1524 900 1658 949 enim
1675 899 1786 964 jam
1811 915 2016 966 aquam,
2037 900 2126 949 sed
2147 899 2318 949 viuum
2343 906 2398 950 et
2413 899 2582 950 oleum

1525 975 1926 1040 ingurgitarunt.
1983 975 2139 1037 Dele,
2160 983 2214 1024 et
2237 989 2354 1024 mox
2375 975 2587 1034 ἰηὴιιιιηι

1526 1051 1680 1100 etiam
1713 1050 1902 1111 scribe,
1925 1057 1984 1101 nt
2011 1051 2276 1098 humorem
2309 1049 2586 1112 utrobique

1526 1127 1722 1190 capias.
1758 1126 1842 1176 Ad
1865 1125 2018 1176 tinem
2042 1123 2148 1175 fors
2169 1124 2300 1188 fuat,
2316 1139 2380 1174 ou
2401 1139 2586 1186 regere·

1526 1216 1579 1250 re
1613 1200 1862 1265 scriptum
1889 1201 2106 1251 auctori.
2139 1200 2402 1251 Acidalia.
2467 1198 2590 1250 Aci·

1529 1275 1698 1327 dalius
1716 1292 1746 1327 a
1770 1278 1936 1340 glossa
1961 1284 2274 1341 potestatem
2299 1278 2348 1326 in
2373 1284 2595 1327 contex-

1531 1361 1640 1404 tum
1685 1355 1985 1419 adspiraudi
2025 1362 2179 1418 putat
2214 1353 2427 1416 factam,
2474 1367 2590 1418 pro·

1530 1429 1958 1494 scribendumque
1984 1443 2162 1479 vocem
2191 1429 2471 1486 hominibus,
2493 1443 2592 1480 uec

1515 1506 1708 1578 ‘placet
1723 1504 1892 1553 eidem
1917 1505 1966 1552 iu
1985 1505 2316 1569 sequentibus
2333 1521 2455 1568 aquo
2475 1512 2596 1569 post

1535 1581 1707 1629 oleum
1729 1587 1785 1630 et
1802 1580 1974 1630 viuum
1995 1596 2008 1632 z
2043 1580 2166 1629 nihil
2189 1593 2282 1643 ego
2304 1589 2467 1643 muto,
2489 1593 2596 1632 om·

1538 1656 1688 1706 nibus
1712 1655 2096 1720 exemplaribus
2119 1663 2300 1706 contra
2332 1657 2598 1710 obtestan-

1537 1731 1695 1800 tibus,
1735 1739 1792 1781 et
1823 1745 1946 1795 aquo
1983 1744 2078 1794 pro
2112 1731 2250 1780 omui
2297 1729 2508 1795 potione
2541 1731 2596 1782 in

1535 1807 1808 1872 posteriori
1835 1821 1988 1857 versu
2012 1816 2234 1870 accepta
2259 1807 2484 1870 videtur,
2505 1807 2598 1856 hn-

1538 1897 1648 1936 mor
1684 1881 1884 1932 infusus
1917 1889 1972 1932 et
2006 1890 2212 1946 egestus
2249 1883 2334 1932 vel
2366 1889 2601 1946 regestus

1540 1958 1887 2008 Acidaliiuou
1911 1957 2064 2021 sapit.
2104 1959 2339 2009 Radem.
2407 1959 2600 2009 Acida-

1540 2039 1596 2088 lii
1621 2039 1920 2102 conjectura
1941 2037 2008 2086 de
2035 2052 2158 2100 aqua
2192 2037 2363 2099 potior
2397 2033 2603 2088 videtur

1542 2115 1892 2179 explicatione
1931 2113 2141 2175 Raderi,
2179 2113 2263 2163 cui
2300 2111 2374 2162 ibi
2405 2127 2470 2162 ea
2503 2127 2603 2163 vox

1542 2205 1640 2255 pro
1675 2189 1854 2254 quovis
1889 2189 2101 2238 humore
2154 2194 2370 2250 putatur
2414 2189 2606 2252 posita.

1544 2267 1607 2316 Iu
1631 2281 1734 2330 seq·
1768 2265 1970 2314 fortean
1996 2263 2099 2314 fuit
2134 2266 2238 2314 sine
2275 2265 2408 2313 modo
2447 2265 2607 2324 infusa

1546 2355 1667 2390 com.
1691 2354 1797 2403 cog.
1817 2354 2034 2402 regerere
2049 2356 2071 2398 ;
2104 2346 2162 2388 ut
2195 2339 2270 2388 sic
2299 2338 2458 2390 verbo
2479 2353 2608 2391 neu-

1546 2423 1630 2466 tro
1675 2417 1846 2466 omnia
1882 2429 1996 2481 quae
2045 2415 2184 2479 prius
2229 2413 2432 2466 dixerat
2470 2427 2608 2466 com·

1548 2493 1880 2555 plecteretur.
1913 2492 2136 2543 Freinsh.

1616 2567 1699 2628 §9
1731 2566 2025 2615 Meminisset
2057 2566 2276 2630 orabant]
2318 2567 2483 2633 Bruti,
2515 2584 2610 2619 ute·

1548 2640 1767 2690 ”sinisset
1781 2641 1856 2688 sui
1869 2640 2082 2700 orabant,
2103 2642 2254 2703 plane
2271 2643 2469 2705 inepte.
2505 2644 2614 2693 Ne-

1549 2732 1650 2782 que
1675 2716 1810 2765 enlm
1841 2715 1919 2764 sui
1942 2716 2236 2766 meminisse
2259 2715 2613 2767 Alexandrum

1550 2791 1798 2841 volebant
1819 2789 1991 2848 amici,
2014 2778 2110 2839 sed
2137 2790 2295 2841 animi
2319 2792 2395 2841 sui
2419 2792 2615 2855 magni-

1552 2864 1784 2915 tudinem
1842 2865 2002 2914 solam
2046 2863 2310 2915 deficienti
2360 2866 2616 2917 exercitui

1551 2940 1784 2991 remedio
1812 2953 1924 2989 esse
1947 2954 2116 3002 posse.
2150 2940 2357 2992 Modiin.

1617 3019 1732 3081 §lo
1776 3016 2119 3078 Oce-urrerem]
2168 3014 2345 3079 Forte,
2375 3030 2617 3068 accurre·

1551 3098 1680 3143 rent.
1713 3091 1980 3142 Heinsius.
2047 3092 2213 3143 Recte
2254 3091 2448 3155 forsan,
2490 3094 2617 3158 qula

1551 3168 1788 3233 proxime
1833 3172 2184 3227 antecesserat
2229 3169 2320 3217 duo
2351 3173 2619 3217 occurant.

1555 3244 1766 3307 Alioqui
1793 3242 1974 3293 Curtio
1999 3256 2100 3291 non
2123 3240 2292 3291 aliena
2321 3242 2436 3293 ime
2474 3238 2619 3293 ‘verbi

1556 3316 1884 3381 significatio.
1919 3328 1995 3365 ιν.
2019 3319 2066 3365 8.
2091 3320 2139 3365 8.
2164 3316 2180 3343 ‘
2202 3314 2334 3379 Igne
2358 3322 2620 3380 concepto

1556 3394 1711 3441 latins
1729 3389 1948 3439 fundere
1969 3388 2263 3439 incendium
2282 3390 2462 3453 coepit,
2482 3392 2620 3455 quod

1556 3466 1852 3531 prinsquam
1891 3470 2072 3528 posset
2101 3463 2322 3526 occurri,
2360 3470 2530 3513 turres
2565 3473 2623 3516 et

1560 3534 1738 3592 cete‘ra
1777 3555 1934 3604 opera
1973 3540 2026 3589 iu
2066 3538 2239 3603 capite
2269 3538 2417 3588 molis
2454 3539 2621 3602 posita

1559 3614 1990 3682 comprehendit?
2052 3614 2123 3664 Et
2160 3627 2240 3665 vi.
2273 3616 2321 3665 7.
2355 3616 2441 3664 29.
2475 3620 2489 3643 ·
2515 3614 2624 3665 Oc·

1560 3708 1714 3744 cursu
1748 3692 2030 3741 satellitum
2056 3688 2348 3739 inhibitus!
2401 3690 2471 3741 Et
2494 3702 2620 3740 vm.

1560 3774 1609 3820 3.
1633 3774 1685 3820 4.
1713 3776 1730 3799 ‘
1749 3770 2100 3817 Percussurus
2131 3778 2361 3828 uxorem,
2384 3766 2480 3814 nisi
2503 3778 2621 3829 pro·

1561 3846 1756 3895 hibitus
1791 3849 1933 3892 esset
1967 3840 2188 3891 fratrum
2225 3841 2336 3905 ejus
2372 3840 2624 3891 occursu?

1562 3920 1752 3972 Horat.
1793 3934 1834 3970 ι.
1867 3919 2032 3968 Serm.
2067 3921 2117 3966 4.
2154 3919 2267 3965 185.
2303 3918 2320 3944 ⁴
2345 3916 2433 3965 Sic
2455 3913 2619 3965 dulcis

1565 3998 1740 4047 amicis
1764 3991 2082 4045 OccurramJ
2141 3992 2356 4040 Persius
2387 3990 2500 4038 Sat.
2533 4002 2620 4039 m.

1562 4078 1644 4123 63.
1662 4076 1679 4103 ⁸
1695 4070 1938 4121 venienti
1956 4068 2218 4119 occurrite
2235 4063 2451 4115 morbo.'
2479 4064 2620 4115 Ptin.

1565 4150 1634 4199 N.
1654 4148 1726 4199 H.
1754 4162 1916 4197 xxvr.
1935 4150 1985 4195 7.
2017 4145 2034 4174 ⁶
2063 4143 2382 4204 Cuicumque
2416 4141 2623 4205 sangui.

1565 4225 1645 4274 nis
1671 4224 1798 4273 vitio
1820 4223 1956 4271 intus
1979 4216 2242 4269 occurrit!
2279 4215 2427 4265 Suok.

1631 4302 1658 4362 ς
1683 4302 1740 4347 n
1777 4283 1862 4347 111⁶
1879 4290 2202 4361 percontatus]
2225 4288 2367 4343 Editi
2383 4298 2440 4343 et
2461 4292 2622 4355 scrip·
