3222 4944
931 392 999 449 Q.
1044 390 1301 439 ουιιτιι
1350 390 1528 441 nuri
1582 391 1724 439 me.
1773 392 1850 439 x.
1895 394 2053 441 oar.
2100 377 2206 441 10.

474 528 723 591 cibusque
760 526 1106 591 praefuturus‚'
1144 544 1259 594 sup.
1293 543 1348 581 x.
1386 534 1437 581 Δ.
1471 534 1522 579 8.

473 606 569 655 boe
602 604 807 654 iuterim
842 613 1063 667 mortuo,
1096 608 1252 669 regite
1288 608 1519 671 pecunie

475 687 647 729 custos
692 680 1011 735 constitutus,
1053 681 1245 731 Justin.
1294 688 1349 731 et
1404 696 1519 731 eum

475 755 751 818 Antipatro
822 756 1180 805 Macedoniam
1251 757 1521 821 vicinaque

477 845 634 893 regua
678 830 911 879 obtinere
953 830 1182 893 jubetur.
1249 831 1520 882 Arrianus.

475 906 739 957 Curatoris
775 908 929 957 etiam
974 906 1164 970 officio,
1196 922 1417 973 qumque
1452 910 1517 959 ad

476 982 665 1043 regiam
690 982 953 1043 pertinent
978 984 1215 1045 tutelam,
1246 984 1519 1034 mandatis.

472 1055 765 1117 Dexippus.

536 1130 835 1179 Extat-ebes.
902 1129 1035 1177 Vide
1057 1130 1340 1193 Oxyatres.

534 1206 786 1254 Eumenes
821 1204 1126 1268 Hieronymi
1150 1206 1517 1257 F..Cardiauus

466 1280 675 1329 Arriau.
712 1280 829 1331 Iud.
877 1294 963 1330 ιιι.
998 1284 1077 1329 12.
1122 1280 1261 1345 apud
1298 1283 1358 1331 Ι..
1395 1281 1521 1330 Am-

467 1358 570 1419 pel.
594 1357 783 1405 vitiose
805 1359 822 1385 ⁸
840 1356 1182 1407 Cal-dueum)
1248 1357 1519 1420 Cappado-

463 1431 595 1479 ciam
630 1445 745 1481 cum
782 1431 1140 1495 Paphlagonia
1171 1431 1367 1492 habuit,
1400 1447 1516 1481 cum

464 1513 731 1568 praecepto
764 1505 782 1532 ‘
810 1512 866 1554 nt
903 1508 1165 1567 regionem
1204 1520 1317 1555 eam
1356 1521 1517 1568 usque

464 1582 530 1629 ad
548 1582 877 1642 Trapezunta
898 1578 1221 1643 defenderet,
1246 1590 1297 1629 et
1324 1581 1515 1630 bellum

464 1669 581 1703 cum
627 1655 903 1704 Ariarathe
962 1654 1206 1717 gerere&
1246 1656 1333 1719 qui
1379 1654 1517 1704 solus

464 1728 795 1779 detrectabat
832 1729 1099 1791 imperium
1139 1728 1512 1778 Macedonum:

464 1811 519 1853 et
542 1804 837 1853 Alexandro
864 1804 987 1853 alibi
1010 1810 1264 1866 occupato
1288 1804 1381 1865 jus
1404 1817 1515 1865 reg·

462 1878 514 1925 ui
550 1878 851 1926 retinuerat.
916 1876 1141 1925 Curtius.
1173 1876 1247 1923 sie
1278 1876 1415 1924 enim
1442 1877 1516 1923 le-

464 1952 717 2013 gendum:
764 1950 947 1999 addita
986 1949 1352 2012 conjunctione
1398 1956 1516 2012 post

461 2026 477 2051 ⁸
506 2022 845 2083 defenderet:
890 2037 1041 2087 quam
1080 2025 1239 2074 etiam
1280 2039 1345 2073 ex
1385 2025 1513 2074 Mss.

464 2100 695 2147 restituit
739 2099 887 2148 Livio
922 2111 1125 2148 xxvm.
1160 2104 1240 2149 10.
1272 2103 1319 2148 8.
1366 2100 1515 2163 Sigo-

464 2173 608 2221 nius:
654 2174 670 2197 ⁶
694 2174 865 2221 Brutii
904 2173 1170 2235 ambobus,
1210 2181 1266 2220 et
1300 2180 1359 2221 ut
1397 2187 1513 2222 cum

470 2247 723 2297 Annibale
775 2248 965 2298 bellum
1014 2249 1293 2311 gererent!
1380 2251 1513 2299 Nam

466 2322 481 2349 ‘
508 2322 779 2372 Ariarathe
793 2322 807 2345 ’
828 2336 929 2371 non
953 2324 967 2349 ‘
989 2322 1214 2371 Arbate’
1238 2323 1511 2385 legendum

462 2396 598 2445 clare
641 2396 921 2447 ostendunt
971 2397 1237 2447 Plutarch.
1282 2398 1511 2449 Eumene

464 2487 581 2535 cap.
610 2479 657 2521 5.
701 2472 967 2522 Arrianus.
1033 2470 1317 2534 Dexippus.
1383 2472 1511 2521 Dio·

464 2547 639 2608 dorus,
664 2546 755 2596 lib.
776 2558 933 2597 xxxx.
983 2548 1209 2611 Appiau.
1232 2548 1282 2595 iu
1304 2548 1511 2596 Mithri·

463 2620 570 2672 dat.
637 2623 715 2670 Ex
754 2621 935 2685 quibus
973 2622 1268 2672 auctoribus
1304 2623 1509 2672 haurire

462 2697 674 2757 poteris,
718 2711 833 2760 qum
882 2696 1199 2758 promisimus
1244 2711 1401 2759 supra
1442 2697 1507 2746 ad

462 2780 550 2818 ιιι.
570 2773 620 2819 4.
646 2774 693 2818 l.
760 2770 1221 2820 Latinobarbarus:
1250 2773 1267 2799 ⁸
1290 2771 1509 2834 Paphla-

462 2844 613 2906 gouia
654 2851 825 2892 autem
864 2843 919 2893 in
957 2843 1285 2906 Cappadocia
1322 2845 1508 2894 Eume-

460 2919 599 2966 nium
621 2919 792 2968 scriba
824 2927 1159 2967 memoratum
1194 2919 1505 2982 preordina-

462 2993 536 3042 vit
560 2993 818 3052 regnare?
844 2994 929 3042 ubi
950 2995 1103 3043 scribo
1122 3009 1225 3044 uon
1248 3003 1324 3043 est
1343 2997 1369 3043 ὁ
1388 3012 1507 3055 συγ-

460 3067 686 3130 γραφεὺι,
708 3067 800 3116 sed
824 3076 1005 3131 quarto
1039 3083 1161 3118 casu
1189 3068 1276 3116 τὸν
1295 3085 1505 3130 ym-

460 3143 565 3192 τίσι.
630 3144 863 3193 Justiuus
897 3144 1105 3192 eadem:
1138 3145 1227 3193 secl
1261 3145 1507 3208 adjuncta

462 3217 755 3266 Eusebiana
796 3230 948 3264 unam
992 3217 1371 3277 Cappadociam
1406 3221 1507 3266 lar-

463 3295 702 3354 giuntur:
735 3291 938 3354 quibus,
966 3297 1025 3338 ut
1047 3291 1193 3343 solet,
1229 3291 1509 3339 assentitur

462 3367 743 3417 cedrenus.
808 3364 967 3413 Cares
992 3363 1149 3412 etiam
1174 3371 1291 3425 post
1313 3362 1508 3426 adjecit

462 3441 737 3498 Perdicca,
772 3439 1085 3502 Lyciamque
1117 3445 1173 3487 et
1210 3437 1507 3502 Phrygiam.

460 3517 652 3566 Justiu.
674 3529 800 3565 xm.
820 3519 869 3562 6.
893 3517 969 3563 1⁴.

554 3591 849 3642 Laomedon
920 3590 1253 3651 Mitylenaeus
1304 3589 1505 3652 Syriam

463 3681 579 3716 cum
633 3666 888 3716 Phoeuice.
974 3665 1201 3716 Curtius.
1288 3664 1506 3716 Diodor-

464 3739 655 3790 Justiu.
705 3740 858 3791 Oros.
922 3741 1213 3804 Dexippus.
1300 3741 1505 3794 Arriau.

464 3815 593 3864 lude
647 3817 819 3879 pulsus
882 3821 1063 3878 postea
1116 3831 1148 3864 a
1200 3816 1504 3870 Ptolemaeo.

466 3890 675 3940 Diodor.
722 3903 889 3942 xvm.
931 3893 1014 3938 ⁴³.
1093 3888 1359 3954 Appianus
1401 3893 1504 3942 Mi-

463 3964 619 4012 thrid.
672 3965 968 4029 Quanquam
989 3965 1038 4014 ei
1062 3966 1337 4028 satrapiam
1358 3982 1503 4018 suam

452 4041 565 4102 jam
611 4039 935 4089 confirmasse
978 4038 1243 4089 videretur
1286 4041 1501 4102 Autips-

464 4122 563 4176 ter,
610 4114 781 4164 altera
832 4113 1077 4164 divisione
1120 4113 1253 4176 apud
1300 4115 1502 4166 Arrian-

462 4189 553 4238 ΠΙ).
573 4203 656 4242 1¹0

2469 378 2642 445 1549

1657 533 1949 582 Leonnatus
1991 532 2124 583 Enni
2171 534 2230 581 P.
2267 532 2512 597 Pellaeus,
2539 536 2636 585 Ar-

1593 605 1724 656 rian.
1759 606 1880 657 lud.
1909 620 1996 657 ιιι.
2021 612 2101 657 la.
2169 608 2450 671 Phrygiam
2483 610 2642 659 mino-

1592 693 1698 728 rem
1717 680 2052 745 Hellesponto
2071 680 2380 744 adjunctam.
2417 681 2645 733 Curtius.

1588 756 1786 807 sustin.
1831 758 2050 806 Diodor.
2093 757 2301 807 Arriau.
2352 758 2643 821 Dexippus.

1590 830 1796 881 Probus
1833 832 2094 883 Eumeue=
2125 833 2140 860 ⁸
2166 830 2488 881 Proefeeerat
2523 846 2642 881 eum

1590 906 1874 957 Perdiccas
1906 908 1957 957 ei
1992 909 2127 971 parti
2164 907 2319 969 Asiae,
2351 922 2468 972 quas
2505 909 2643 957 iuter

1590 980 1818 1031 Taurum
1855 989 2080 1031 montem
2112 983 2278 1046 jacet,
2311 991 2470 1046 atque
2515 983 2644 1032 Hel-

1588 1055 1917 1118 lespontum.'
1984 1057 2294 1109 Eusebiana.
2359 1058 2642 1107 Pausanias

1592 1129 1800 1181 Atticis.
1855 1131 2128 1194 Appiauus
2143 1131 2388 1195 Syriacis.
2437 1132 2644 1180 Latino-

1588 1205 1736 1255 burb.
1785 1206 1802 1233 ‘
1827 1206 2034 1257 Pontou
2073 1214 2244 1257 autem
2290 1208 2464 1257 leona
2506 1207 2641 1255 dixit

1590 1293 1810 1342 regnare
1826 1282 1862 1329 ε’
1894 1284 2028 1345 quod
2052 1281 2120 1331 de
2146 1282 2382 1346 Hellesp.
2404 1284 2603 1345 accipe.

1657 1355 1987 1416 Lysimachus
2010 1356 2311 1418 Agathoclis
2335 1356 2394 1406 F.
2416 1356 2643 1421 Pellena

1590 1423 1794 1477 Arrian-
1833 1427 2002 1479 Iudic-
2055 1442 2143 1478 ιιι.
2189 1433 2270 1477 12.
2326 1429 2640 1480 ‘Thraciam

1588 1501 1956 1565 adpositasque
1988 1503 2220 1557 Thracia
2243 1503 2492 1553 Ponticas
2521 1518 2643 1561 aen-

1590 1576 1698 1625 tea’
1727 1576 1965 1626 obtiuere
1990 1578 2184 1640 jussus.
2251 1578 2478 1627 Curtius.
2519 1580 2642 1629 Dio·

1588 1650 1758 1703 dorus.
1807 1653 2094 1703 cedrenus.
2141 1653 2232 1711 τὴν
2274 1652 2341 1702 tls
2376 1654 2500 1715 δεξιὰ
2539 1656 2644 1705 τοῖς

1586 1723 1790 1773 πλέουσι
1820 1727 1907 1774 τὸν
1939 1725 2121 1775 Πόντον
2151 1726 2422 1787 ἡγεμονίαν.
2452 1732 2644 1790 prouin-

1586 1799 1708 1847 ciam
1728 1812 1833 1860 quae
1855 1799 2064 1849 Pontum
2091 1802 2424 1861 navigantibus
2442 1803 2505 1851 ud
2525 1806 2639 1853 dex·

1587 1877 1713 1921 tram
1733 1874 1884 1933 jacet.
1949 1875 2226 1938 Dexippus
2269 1876 2408 1937 apud
2447 1878 2639 1929 Euseb.

1588 1962 1706 1995 uam
1723 1948 1862 2011 apud
1879 1949 2122 1999 Photimu
2133 1950 2400 2000 Thraciam
2415 1960 2470 2001 et
2483 1952 2641 2001 Cher-

1588 2035 1822 2071 ronesum
1867 2025 2118 2087 ascriptas
2161 2026 2264 2073 uite
2322 2026 2338 2053 ‘
2369 2040 2528 2089 usque
2573 2028 2640 2077 ad

1586 2110 1726 2144 mare
1746 2097 1880 2160 quod
1901 2098 2282 2160 Salmydessum
2307 2099 2462 2149 Ponti
2484 2102 2640 2151 Euxi-

1588 2171 1644 2219 ni
1681 2175 1861 2221 urbem
1902 2173 2148 2236 attingit(
2187 2182 2246 2223 ut
2283 2174 2432 2223 addit
2463 2175 2640 2224 Arria·

1588 2255 1704 2293 uus.

1653 2318 1922 2381 Meleager
1963 2322 2294 2384 Neoptolemi
2335 2324 2394 2373 F.
2433 2322 2636 2375 Arriau.

1590 2405 1676 2441 ιιι.
1697 2398 1747 2443 ².
1772 2398 1854 2443 24.
1887 2395 2168 2445 secuudum
2203 2398 2438 2447 Curtium
2465 2407 2518 2447 et
2538 2399 2637 2450 Ar-

1586 2466 1717 2519 rian.
1741 2468 1942 2520 occisus
1965 2480 2048 2520 est
2069 2478 2187 2522 aute
2209 2472 2510 2524 divisionem
2531 2475 2635 2525 fac-

1590 2551 1712 2604 tam,
1753 2544 1892 2608 quod
1936 2547 2142 2596 veritati
2189 2561 2466 2598 consonum
2503 2551 2635 2600 arbi-

1589 2623 1730 2667 tror:
1767 2631 1866 2668 nec
1909 2620 2046 2670 enim
2089 2627 2210 2670 aute
2247 2621 2384 2671 huuc
2419 2625 2644 2674 occisum

1589 2691 1848 2742 Perdicca
1903 2702 2102 2746 tentum
2158 2697 2430 2758 potuisset.
2515 2699 2637 2748 Non

1586 2779 1715 2828 ,ergo
1757 2768 1913 2816 miror
1951 2769 2016 2817 de
2054 2771 2322 2833 provincia
2357 2773 2406 2820 ei
2445 2775 2638 2824 tradita

1587 2840 1860 2892 dissentire
1881 2845 2178 2907 scriptores,
2196 2860 2312 2894 cum
2335 2846 2402 2903 ei.
2425 2849 2511 2911 qui
2537 2863 2636 2896 uou

1584 2917 1806 2978 amplius
1851 2919 1902 2966 in
1947 2919 2098 2964 rebus
2141 2920 2368 2969 humanis
2402 2925 2638 2986 extabat,

1584 2989 1726 3040 nulla
1747 2986 1906 3038 fuerit
1929 2990 2206 3051 assignata.
2273 2993 2535 3044 Cedreuus
2555 3011 2638 3045 er-

1586 3077 1653 3124 go
1685 3077 1797 3111 cum
1827 3064 2134 3112 Eusebienis
2162 3066 2562 3129 Paphlagonlam
2587 3071 2638 3120 ei

1586 3135 1792 3197 ‚tribuit3
1842 3137 2100 3186 Diodorus
2147 3139 2385 3202 Lydiam,
2431 3143 2636 3192 Latino·

1585 3208 1829 3258 barbarus
1863 3210 2064 3274 Syriam
2093 3227 2209 3275 quae
2243 3214 2386 3264 Coele
2425 3215 2634 3279 dicitur,

1584 3293 1642 3335 et
1663 3287 1982 3336 Phoenicem.

1665 3360 1954 3409 Menander
2005 3361 2058 3410 iu
2115 3361 2329 3423 Lydiam
2386 3365 2630 3416 mittitur.

1586 3433 1814 3485 Curtius.
1863 3435 2055 3486 Justin.
2102 3437 2389 3500 Dexippus.
2427 3439 2632 3490 Arriau.

1584 3511 1668 3560 vel
1690 3510 1856 3573 potius
1877 3513 2169 3562 remittitur.
2229 3513 2418 3564 Statim
2442 3517 2576 3566 enim
2600 3533 2631 3568 u

1582 3597 1663 3647 pr.
1686 3582 1981 3634 Alexander
2002 3600 2118 3635 eum
2141 3587 2210 3636 ibi
2233 3600 2488 3655 satrapam
2510 3607 2631 3646 com

1580 3659 1845 3710 stituerat.
1905 3659 2112 3710 Arrian.
2131 3674 2216 3712 ιιι.
2243 3667 2288 3712 ι.
2309 3669 2410 3724 2⁷„

1648 3737 1918 3786 Nearchus
1951 3737 2236 3790 Androtimi
2271 3743 2332 3792 F.
2354 3743 2631 3794 Cretensis.

1581 3808 1790 3861 Arrian.
1835 3811 2000 3864 Indic.
2037 3827 2126 3864 ιιι.
2169 3820 2248 3865 12.
2329 3817 2534 3878 Lyciam
2572 3824 2630 3866 et

1579 3885 1920 3950 Pamphiliam
1943 3889 2174 3939 sortitur.
2237 3890 2488 3942 sustinui.

1643 3963 2018 4025 Neoptolemus
2033 3979 2098 4013 ex
2113 3965 2436 4014 AEacidarum
2455 3971 2628 4027 gente.

1579 4035 1784 4088 Arriau.
1805 4050 1868 4088 ιι.
1891 4043 1941 4088 6.
1968 4042 2046 4088 11.
2097 4039 2380 4088 Carmaniae
2406 4037 2624 4101 profici-

1579 4121 1681 4162 tur.
1731 4115 2018 4177 Dexippus.
2067 4116 2262 4164 Verum
2283 4114 2480 4172 dubito,
2505 4129 2623 4164 num

1576 4190 1816 4240 Armenia·
1837 4190 1936 4252 legi
1963 4189 2128 4238 verius
2159 4190 2226 4238 sit
2257 4204 2322 4238 ex
2357 4188 2622 4240 Plutarchi
