3222 4944
859 446 926 503 Q.
970 442 1226 493 ouum
1254 441 1460 517 auri
1509 441 1655 492 mn.
1702 418 2153 522 vineunt&

2420 427 2589 503 1219

411 583 740 649 appellantes
755 586 952 633 montes
965 582 1214 647 quosdam
1229 582 1462 634 Indicos.
1503 582 1847 647 „animumn
1860 584 2057 636 Iudieis
2068 584 2335 635 montibus
2352 586 2592 639 tribuisse

413 661 506 710 Illi
545 658 647 723 ipsi
679 664 848 709 autem
871 658 1230 709 adsentstores
1251 674 1463 723 specum

415 736 686 802 quamdam
723 749 922 786 saetam
959 736 1013 785 in
1049 735 1466 799 Paropamissdis

417 812 748 863 ostendentes
785 810 1102 874 Alexandro,
1145 812 1312 861 locum
1353 826 1467 861 esse

419 888 677 949 dixerunt,
699 887 754 936 in
774 901 874 951 quo
896 887 1239 937 Prometheus
1265 888 1468 937 vinetus

416 964 534 1013 olim
558 961 737 1025 fuerit,
769 976 934 1027 eoque
955 962 1236 1013 Herculem
1253 961 1316 1011 ad
1341 961 1469 1011 libe·

416 1038 632 1088 randum
653 1052 770 1089 enm
787 1038 1015 1089 venisse:
1038 1038 1094 1087 iu
1113 1044 1472 1100 argumentum

417 1114 528 1175 ejus
571 1112 646 1161 rei
679 1112 954 1166 ,trahentes
992 1126 1192 1171 vaccas,
1239 1125 1356 1176 quaa
1401 1110 1472 1161 ibi

417 1187 804 1250 conspiciantur
867 1188 1018 1249 signo
1068 1187 1228 1237 clave
1283 1188 1474 1243 inusto,

418 1262 552 1327 quod
579 1270 718 1311 esset
741 1262 982 1312 Herculis
1000 1262 1218 1325 insigne.
1285 1261 1360 1311 Ut
1377 1260 1475 1313 hae

421 1340 624 1390 ratione
661 1336 725 1387 sd
765 1344 1010 1401 utrosque
1051 1336 1190 1387 orbis
1230 1335 1475 1387 terminos

420 1414 716 1477 pervenerit
751 1414 1031 1463 Herculesa
1069 1412 1186 1462 ideo
1223 1412 1382 1462 etiam
1404 1410 1475 1461 A·

421 1488 746 1549 lexandrurn,
779 1486 1062 1539 secundum
1097 1486 1390 1537 adulatores
1413 1486 1478 1535 is-

352 1600 362 1605 .
421 1572 524 1625 tos,
556 1578 729 1627 neque
769 1563 862 1623 illi,
897 1576 1067 1626 neque
1103 1561 1236 1611 adeo
1271 1562 1480 1611 Baccho

423 1638 710 1690 absimilem
737 1650 868 1693 esse,
901 1650 1018 1687 eum
1053 1642 1109 1687 et
1144 1636 1258 1702 ipse
1299 1636 1480 1687 eodem

423 1726 528 1776 quo
551 1711 626 1761 illi
651 1711 1022 1775 penetraverit,
1038 1714 1139 1761 διο.
1205 1710 1372 1761 Iidem
1393 1725 1483 1761 au·

427 1796 536 1835 tem
576 1785 893 1850 adulatores,
927 1792 988 1836 ut
1025 1785 1238 1838 tradunt
1258 1794 1484 1851 veteres,

425 1861 650 1913 Caucasi
671 1876 856 1911 nomen
878 1860 1173 1912 indiderunt
1193 1868 1296 1912 tam
1321 1862 1482 1913 Paro·

423 1936 643 2001 pamiso,
672 1950 826 2000 quam
859 1935 1074 1993 Emodo,
1110 1944 1165 1986 et
1187 1937 1348 1987 lmaeo
1367 1927 1484 2003 (sea

428 2012 600 2074 potius
621 2008 792 2075 Imao)
815 2010 1006 2065 Iudicis
1021 2011 1318 2062 montibus-⁹
1350 2013 1482 2064 Qum

427 2100 668 2149 maguam
707 2092 910 2149 partem
940 2085 1170 2139 hausisse
1192 2088 1399 2137 videtur
1417 2102 1486 2138 ex

429 2160 653 2211 Arriano
676 2175 730 2209 v.
749 2166 796 2211 1.
820 2164 910 2213 12.
966 2161 1123 2212 Certe
1147 2177 1262 2227 qun
1279 2161 1380 2213 hoe
1403 2178 1484 2213 ca-

429 2238 561 2301 pite,
590 2235 804 2300 aliisque
838 2249 982 2299 seqq.
1017 2236 1230 2298 scripsit
1257 2238 1488 2300 Curtius,

430 2310 676 2363 dubitare
697 2324 798 2359 non
837 2309 1030 2372 sinunt,
1062 2310 1188 2374 quin
1221 2324 1316 2373 per
1353 2310 1489 2361 inune

435 2388 740 2449 Caucasum,
773 2386 839 2437 ad
864 2399 1017 2450 quem
1031 2386 1144 2449 jam
1168 2399 1350 2448 agmen
1371 2400 1488 2450 per·

431 2463 598 2521 venit,
627 2460 998 2523 intelligendus
1020 2461 1090 2510 sit
1111 2460 1490 2524 Paropanisus.

431 2536 604 2602 quue
625 2535 817 2586 diserte
837 2533 1002 2588 tradit
1022 2531 1232 2585 Arriau.
1253 2547 1308 2582 v.
1341 2539 1390 2583 1.
1406 2538 1490 2585 21.

434 2614 453 2643 ⁶
487 2615 715 2678 Taurus,
761 2614 856 2662 ate.
940 2609 1278 2673 Paropamiso
1330 2611 1493 2660 monti

437 2687 798 2749 committitur,
828 2699 977 2751 quem
1001 2684 1318 2735 Macedones
1337 2685 1492 2750 Alex-

437 2762 601 2814 andro
627 2761 914 2825 militantes
952 2761 1240 2812 Caucasum
1263 2762 1493 2824 appella·

435 2841 581 2900 bant,
628 2837 801 2888 studio
843 2836 929 2902 (ut
973 2833 1166 2902 fertur)
1207 2835 1494 2887 Alexandri

439 2929 522 2965 res
543 2920 714 2977 gestas
735 2911 1108 2976 amplificandis
1131 2913 1276 2978 quasi
1296 2913 1494 2964 Cauca·

441 3003 558 3046 sum
601 2988 902 3040 continuata
943 2988 1162 3038 victoria
1204 2987 1498 3038 Alexander

440 3069 751 3128 superasset.
829 3061 970 3111 Fieri
1005 3067 1178 3112 sutem
1217 3068 1410 3126 potest,
1439 3065 1498 3112 ut

441 3138 528 3190 hie
547 3138 661 3201 ipse
686 3151 835 3187 mons
865 3151 982 3187 eum
1005 3137 1168 3187 altero
1189 3137 1498 3202 Scytharum

446 3215 680 3265 Caucaso
713 3211 880 3276 coest,
911 3211 1337 3278 quemadmodum
1360 3211 1500 3261 Tau·

444 3303 534 3340 rus
555 3303 676 3340 eum
693 3288 824 3338 hoe:
843 3294 1014 3357 ‚atque
1049 3301 1148 3350 ego
1181 3288 1388 3352 quidem
1421 3287 1500 3338 id-

448 3364 590 3414 eirco
613 3361 848 3424 superius
869 3359 986 3426 (ιιι.
1007 3364 1058 3411 6.
1079 3360 1156 3426 1.)
1191 3362 1328 3411 hune
1360 3376 1501 3411 mou-

450 3447 560 3490 tem
601 3439 891 3494 Caucasum
932 3436 1131 3499 vocavi,
1166 3442 1224 3486 et
1259 3436 1503 3499 deinceps

447 3513 551 3564 hoe
589 3511 794 3561 nomine
831 3508 1143 3574 appellabo-³
1218 3509 1350 3561 Quae
1389 3523 1505 3573 pos-

453 3599 620 3640 trema
633 3587 700 3637 ad
717 3585 1008 3636 evitandam
1025 3583 1374 3636 confusionem
1387 3597 1504 3648 pro·

452 3664 520 3714 be
536 3661 764 3713 notanda
778 3667 896 3710 sunt
916 3668 1020 3710 tam
1038 3658 1310 3710 Arriauum
1333 3660 1506 3722 legen·

457 3741 524 3804 ti,
541 3753 694 3805 quam
715 3739 844 3788 alios
869 3746 1136 3798 auctor-eu
1164 3751 1280 3787 nam
1303 3742 1360 3786 et
1380 3736 1506 3786 alios

455 3815 556 3865 hoe
573 3813 786 3864 consilio
809 3826 944 3874 usos,
960 3817 1014 3860 et
1033 3809 1169 3862 forte
1190 3813 1326 3862 hune
1343 3811 1506 3874 ipsum

464 3889 716 3950 Curtium,
735 3889 858 3937 lieet
881 3887 1309 3941 animadvertere.
1373 3885 1509 3935 Sane

459 3963 671 4013 videtur
679 3962 948 4025 Arrianus,
963 3969 1229 4026 postquam
1245 3959 1512 4023 superiora

463 4037 779 4100 scripsisset,
792 4037 994 4086 demum
1019 4049 1241 4086 errorem
1264 4035 1398 4086 hune
1421 4035 1511 4085 de·

417 4102 424 4108 ’
458 4111 812 4179 prehendisse,
861 4125 1078 4176 eamque
1131 4111 1512 4162 exeusationem

459 4187 690 4240 hocloco
703 4186 998 4252 protulisse,
1013 4193 1074 4236 ut
1089 4186 1259 4249 potius
1269 4184 1514 4238 nonnulis

463 4264 690 4328 ratione,
721 4278 870 4328 quam
903 4277 998 4328 per
1031 4261 1344 4328 imperitiam
1379 4262 1512 4314 Ceu·

592 4343 770 4410 Delfi.
783 4349 831 4396 et
857 4343 974 4396 Ver.
993 4343 1123 4394 Clas.

1451 4341 1516 4398 Q·
1545 4342 1683 4393 Cui.

1539 659 1845 731 videsteturv
1886 660 2049 725 quue
2070 675 2139 711 ex
2160 660 2341 709 eodem
2362 660 2531 711 ludic.
2551 676 2593 713 r.

1538 738 1623 785 20.
1647 736 1843 785 certius
1866 742 2104 800 apparet,
2122 736 2245 799 quia
2260 735 2331 785 ibi
2349 750 2595 799 expresse

1539 818 1701 873 negat
1722 811 2011 859 Caucasum
2046 808 2203 859 fuisse
2226 811 2517 861 vocandum
2540 812 2593 861 in

1540 886 1619 935 his
1662 884 1897 948 partibus
1941 893 2167 935 montem
2188 901 2201 933 t
2243 886 2379 950 quod
2420 894 2597 938 tamen

1545 962 1893 1025 superioribus
1908 962 2035 1012 loeis
2050 962 2101 1011 in
2117 961 2285 1011 medio
2298 950 2597 1026 reliqueratz

1545 1038 1789 1087 Ceterum
1826 1038 1925 1087 hoe
1954 1036 2106 1087 modo
2141 1052 2243 1087 non
2266 1043 2371 1087 tam
2392 1036 2597 1087 auxisse

1545 1124 1635 1161 eos
1672 1112 1885 1175 gloriam
1922 1112 2222 1169 Alexandri,
2254 1126 2408 1176 quam
2433 1113 2597 1163 minn-

1543 1188 1651 1239 isse
1672 1189 1824 1238 doeet
1846 1188 2093 1237 maximus
2110 1193 2291 1237 auctor
2305 1186 2493 1237 Strabo
2506 1186 2601 1240 lib.

1548 1275 1628 1313 ιι.
1662 1262 1749 1327 qui
1784 1262 1971 1326 dignus
1991 1270 2072 1314 est
2092 1264 2286 1314 audiri:
2320 1264 2338 1291 ‘
2357 1264 2489 1315 Quae
2510 1276 2601 1313 au·

1547 1344 1655 1388 tem
1671 1337 1921 1400 augendae
1938 1338 2113 1401 glorie
2132 1340 2341 1401 vulgata
2354 1344 2475 1388 sunt
2496 1338 2602 1402 (sie

1549 1412 1683 1463 enim
1706 1422 1854 1464 verto
1872 1414 1940 1463 τὰ
1956 1414 2073 1478 πρὸς
2088 1413 2149 1463 τὸ
2184 1413 2367 1476 ἔνδοξον
2398 1419 2603 1478 Optemu-

1551 1485 1720 1550 θέντα)
1749 1489 1845 1539 etsi
1877 1490 1931 1538 in
1966 1490 2029 1539 iis
2060 1491 2388 1541 consentiant
2407 1504 2605 1553 omues,

1555 1569 1729 1611 tamen
1754 1564 1841 1626 qui
1860 1562 2175 1627 confinxere,
2192 1564 2433 1613 adulandi
2455 1578 2607 1628 qusm

1559 1637 1789 1687 veritatis
1809 1637 2023 1687 fuerunt
2040 1638 2386 1689 studiosiores.
2440 1638 2608 1689 Quale

1554 1718 1657 1777 est,
1692 1712 1827 1783 quqd
1860 1714 2145 1764 Caucasum
2168 1713 2221 1763 in
2242 1719 2443 1765 montes
2465 1713 2609 1765 Indi·

1555 1802 1644 1837 eos
1688 1788 1866 1853 eisque
1906 1789 2133 1839 vicinum
2172 1803 2315 1840 mare
2357 1788 2610 1840 orientale

1556 1865 1950 1927 transtulerunt,
1982 1879 2013 1913 a
2041 1865 2297 1915 montibus
2331 1864 2418 1930 qui
2451 1878 2610 1929 supra

1555 1938 1855 1989 Colchidem
1870 1945 1925 1989 et
1940 1940 2197 1989 Euxinum
2214 1953 2357 1990 mare
2368 1940 2457 1989 siti
2474 1946 2614 2000 sunu

1557 2026 1687 2077 quos
1702 2013 1878 2065 Greci
1898 2015 2182 2067 Caueuum
2200 2015 2485 2078 nominant,
2505 2028 2611 2067 am·

1558 2088 1695 2152 plius
1732 2102 1873 2141 xxx.
1890 2090 2173 2144 stadiorum
2195 2090 2417 2141 millibus
2437 2089 2503 2139 ab
2525 2088 2612 2141 ln·

1558 2164 1651 2213 dia
1686 2164 1968 2215 distantes:
2026 2166 2199 2230 ibique
2242 2164 2612 2214 Prometheum

1561 2238 1788 2289 vinetum
1806 2238 2043 2291 fabulose
2079 2240 2312 2301 tradunt,
2342 2253 2459 2289 enm
2492 2237 2615 2287 nihil

1561 2312 1783 2363 ulterius
1805 2327 1981 2363 versus
2006 2320 2173 2365 ortum
2195 2314 2328 2363 Solis
2350 2312 2616 2377 eognovis-

1559 2395 1697 2438 sent.
1737 2389 2089 2440 Bacchi-euim
2106 2397 2162 2440 et
2184 2390 2431 2441 Herculis
2454 2390 2506 2438 in
2529 2388 2615 2438 lu-

1562 2463 1657 2515 dos
1672 2464 1943 2529 expeditio
1964 2465 2217 2530 posterius
2233 2472 2465 2529 tempore
2480 2478 2617 2515 eom·

1562 2547 1794 2590 mentum
1823 2553 1932 2600 pra·
1949 2555 2006 2590 se
2028 2539 2235 2590 ferunt:
2270 2542 2466 2605 quippe
2500 2553 2616 2589 eum

1564 2609 1821 2661 Hereules
1844 2611 2208 2664 Prometheum
2230 2616 2371 2663 mille
2390 2619 2510 2676 post
2531 2627 2619 2663 an-

1563 2685 1647 2736 nis
1666 2685 1873 2736 dicatur
1903 2685 2136 2736 solvisse.
2202 2688 2326 2735 Fuit
2361 2701 2483 2737 sane
2514 2688 2619 2750 glo·

1566 2760 2137 2824 riosius,Alexandrum
2152 2774 2315 2824 usque
2331 2761 2396 2810 sd
2414 2761 2621 2811 Indicos

1569 2844 1790 2898 montes,
1808 2849 1960 2902 quam
1976 2848 2139 2900 usque
2154 2835 2216 2884 ad
2235 2835 2469 2884 intimum
2485 2835 2625 2884 Eux-

1569 2912 1646 2962 ini
1678 2909 1845 2962 sinum
1880 2918 1937 2960 et
1959 2911 2243 2960 Csuwum
2266 2910 2531 2974 subegisse
2551 2910 2626 2961 A·

1570 2985 1701 3036 siam
1723 3001 1738 3034 ε
1774 2984 1869 3035 sed
1888 2985 2053 3047 gloria
2074 2985 2280 3048 montis,
2314 2999 2623 3049 nomenque,

1572 3069 1627 3111 et
1652 3059 1787 3124 quoti
1805 3059 1969 3111 Jsson
1987 3074 2103 3110 eum
2138 3060 2243 3110 suis
2280 3060 2625 3124 longissimam

1573 3134 1803 3186 creditus
1818 3141 1902 3185 est
1909 3135 2295 3198 expeditionem
2308 3133 2492 3185 fecisse
2506 3149 2627 3198 pro·

1575 3223 1777 3274 gressus
1794 3224 1953 3274 usque
1976 3209 2041 3260 ad
2057 3210 2291 3262 Caucaso
2307 3210 2471 3261 vicina
2494 3212 2624 3267 loca,

1575 3285 1814 3350 quodque
1836 3284 2082 3336 traditum
2106 3284 2224 3342 fuit,
2261 3286 2629 3336 Prometheum

1577 3358 1631 3407 in
1671 3359 1921 3408 extremis
1957 3366 2111 3408 terrm
2134 3357 2323 3408 finibus
2341 3359 2403 3408 acl
2430 3361 2629 3409 Cauca·

1579 3447 1693 3482 sum
1727 3430 1885 3481 fuisse
1918 3434 2214 3496 alligaturus
2248 3434 2379 3490 inec,
2406 3433 2629 3498 inquam,

1581 3505 1834 3569 fecerunt,
1865 3512 1921 3556 ut
1945 3507 2160 3570 gratiam
2184 3508 2314 3570 regis
2333 3523 2390 3557 se
2413 3508 2630 3558 inituros

1581 3588 1849 3647 putarent,
1866 3583 1909 3630 si
1922 3595 2109 3632 nomen
2118 3582 2333 3632 Caucasi
2352 3582 2402 3630 iu
2426 3581 2627 3632 Indiam

1581 3657 2052 3721 “asportassent-⁹
2114 3657 2289 3722 Atque
2321 3657 2499 3708 eadem
2522 3656 2633 3707 fers

1581 3734 1776 3798 repetit
1796 3733 1885 3784 lib.
1904 3748 1960 3785 V.
1994 3735 2239 3784 Ceterum
2260 3736 2357 3785 ista
2372 3734 2628 3784 nominum

1582 3806 1819 3858 confusio
1839 3813 1945 3858 tam
1966 3808 2199 3858 Curtium
2218 3809 2315 3859 hoe
2332 3811 2464 3865 loeo,
2480 3821 2631 3873 qaam

1583 3890 1643 3934 et
1662 3883 2023 3945 Ptolemaeum,
2054 3884 2317 3948 ingraves
2336 3896 2536 3934 errores
2558 3882 2633 3930 iu·

1585 3958 1762 4010 duxit:
1792 3958 1935 4008 illum
1955 3966 2013 4008 ut
2034 3959 2119 4008 uni
2137 3959 2295 4008 monti
2318 3956 2635 4008 adscriberet

1584 4033 1753 4088 simul,
1784 4046 1899 4098 qum
1929 4034 2203 4096 separatim
2226 4032 2293 4081 ad
2329 4033 2633 4081 alterutrum

1585 4110 1880 4173 pertineut3
1902 4107 2035 4158 bunc
2052 4116 2108 4158 ut
2125 4104 2429 4169 Ἀλιεάνδρου
2449 4103 2632 4163 στήλας

1584 4185 1725 4236 ultra
1743 4184 2215 4247 septemtrionalem
2235 4183 2519 4232 Caucasum
2540 4195 2632 4246 po·

1581 4267 1762 4312 neret:
1782 4273 1909 4328 quas
1921 4259 2061 4312 ultra
2076 4259 2213 4308 hune
2224 4255 2459 4308 Indicum
2472 4255 2632 4309 fnisse

2387 4337 2505 4388 ΔΚ
