3222 4944
609 372 780 443 1332

609 542 724 593 quae
768 526 987 579 deberet
1027 526 1160 575 luter
1200 525 1445 589 coujugea
1483 525 1661 574 obaer-

609 602 737 661 vari,
777 608 1110 667 mutuamque
1147 600 1334 662 fldem3
1387 607 1446 650 ut
1486 614 1663 649 mone·

604 684 784 727 rentur
823 676 1244 727 communicanda
1280 675 1400 735 sibi,
1433 675 1663 738 partien-

603 751 773 817 daque
809 752 1026 801 invicem
1055 751 1226 801 omnia
1248 750 1532 813 commoda,
1561 752 1661 799 eti-

603 840 684 875 am
709 825 774 875 ad
799 840 962 890 usqne
988 825 1267 876 buccellam
1294 827 1459 888 panis.
1524 824 1658 875 Inde

601 915 807 966 qnoque
827 901 1031 951 Solonis
1064 902 1231 964 legem
1264 901 1536 964 explicem,
1556 914 1659 965 qna

597 983 856 1037 aanxerat,
878 984 935 1025 ut
953 976 968 1002 ‘
986 990 1173 1039 apouaa
1190 989 1306 1023 cum
1327 989 1518 1039 aponao
1535 988 1656 1024 eon·

599 1052 738 1101 clnaa
762 1052 952 1100 malum
974 1050 1250 1114 cydoniam
1268 1064 1383 1099 cum
1407 1064 1468 1098 eo
1484 1064 1655 1099 come·

599 1125 780 1176 deret.’
845 1125 1116 1174 Plutarch.
1137 1125 1322 1173 Solone
1344 1139 1390 1174 c.
1417 1128 1498 1173 82.
1522 1124 1538 1151 ‘
1557 1124 1657 1173 Ro-

599 1204 766 1253 mulus
779 1219 986 1269 quoqne
999 1206 1048 1253 in
1063 1207 1419 1256 communione
1439 1207 1586 1271 pnnia
1603 1211 1659 1253 et

597 1295 746 1343 aqnae
775 1280 1085 1332 matrimonii
1107 1282 1276 1345 t'oedua
1309 1283 1464 1331 iniaae
1497 1281 1659 1331 tradi·

598 1362 682 1404 tnr
698 1354 734 1403 τ’
781 1357 920 1419 qnod
957 1356 1061 1406 fide
1108 1356 1391 1407 Alexandri
1431 1358 1655 1421 Neapol-

593 1429 784 1481 refero.
849 1432 987 1482 Sane
1016 1436 1031 1461 ‘
1057 1430 1527 1483 Consurreationia'
1563 1448 1653 1483 no-

592 1518 714 1554 rnen
735 1520 800 1555 eo
822 1508 1064 1557 videatur
1097 1510 1379 1571 pertinere.
1443 1509 1528 1558 De
1553 1524 1656 1572 qua

593 1582 802 1631 volente
837 1583 955 1632 Deo
991 1586 1226 1633 exactina
1265 1585 1330 1633 ad
1367 1584 1535 1633 Tacit.
1573 1597 1653 1635 tv.

595 1659 674 1706 16.
709 1661 761 1705 2.
846 1658 1096 1707 Eamdem
1138 1672 1367 1707 cauatam
1413 1658 1653 1706 lnabuiaae

591 1742 710 1779 reor
755 1730 1051 1780 Galatarum
1097 1746 1308 1791 morem,
1347 1731 1532 1796 quibua
1568 1746 1651 1781 ao-

589 1805 762 1853 lemne
781 1813 916 1866 erat,
929 1812 985 1853 nt
1008 1818 1073 1853 ex
1098 1819 1198 1853 uno
1223 1806 1409 1868 poculo
1432 1820 1651 1869 aponana

591 1892 882 1942 aponaaque
913 1879 1174 1941 biberent,
1207 1880 1472 1930 notissimo
1510 1881 1651 1932 eirca

590 1966 704 2002 earn
740 1967 846 2003 rem
881 1954 1148 2018 Synorigia
1179 1956 1360 2017 exitio,
1382 1957 1446 2005 de
1470 1972 1570 2020 quo
1592 1963 1651 2007 et

588 2028 860 2078 Plutarch.
885 2029 934 2077 in
959 2029 1228 2079 Amatorio
1261 2044 1382 2093 cap.
1401 2036 1483 2081 48.
1522 2033 1650 2081 Per·

585 2104 747 2151 ticum
765 2110 940 2153 autem
960 2106 1183 2169 conjugii
1204 2104 1469 2154 aaneiendi
1490 2106 1646 2155 ritum

586 2178 762 2241 attigit
801 2178 1052 2229 Arrianus
1089 2194 1192 2230 vn.
1235 2184 1279 2228 1.
1313 2184 1396 2230 22.
1444 2182 1647 2231 Franci-

585 2267 702 2301 cum
746 2256 962 2318 exponit
1006 2256 1386 2307 Lindenbroch.
1430 2258 1497 2308 ad
1535 2258 1645 2307 Tit.

585 2340 736 2377 xnvt.
763 2331 1112 2393 Leg.Salicae.
1151 2332 1367 2381 Freiaah.

649 2406 678 2467 ξ
701 2409 764 2455 28
803 2407 953 2471 Opes]
992 2408 1276 2467 Addubito,
1301 2424 1364 2459 an
1394 2424 1496 2460 non
1519 2425 1639 2462 con-

581 2481 892 2545 venientius,
921 2500 1044 2548 epea.
1090 2484 1258 2535 Idem.

645 2557 674 2618 ς
697 2560 762 2605 29
789 2557 899 2607 Hoc
917 2561 1078 2624 modo]
1117 2561 1338 2626 Nuptias
1360 2562 1641 2612 Alexandri

578 2643 696 2680 eum
737 2633 970 2694 Roxane,
1011 2636 1250 2698 depictas
1297 2638 1362 2686 ab
1400 2637 1640 2695 Aetione,

577 2704 710 2754 hand
733 2710 900 2756 minua
919 2717 1134 2758 venusto
1156 2711 1396 2773 penicillo
1414 2711 1640 2762 delinea-

579 2781 655 2828 vit
674 2781 930 2831 anianus
951 2783 1006 2832 in
1031 2783 1320 2835 Herodoto.
1359 2787 1508 2836 Idem.

639 2859 664 2919 §
684 2862 750 2907 89
783 2859 868 2907 Ex
886 2857 1083 2919 deditis]
1119 2861 1272 2909 Forte
1294 2875 1356 2910 ex
1369 2863 1638 2922 dedititiis,-

576 2938 632 2980 et
653 2933 726 2980 uic
750 2933 942 2982 habent
959 2934 1110 2982 codd.
1127 2948 1231 2983 vu.
1256 2940 1338 2984 11.
1358 2940 1439 2986 29.
1460 2939 1476 2965 ‘
1495 2938 1635 2988 Mul·

577 3005 748 3054 titudo
781 3006 1138 3058 dedititiorum
1177 3009 1356 3059 incolis
1391 3024 1634 3062 novarum

575 3080 781 3130 urbium
804 3095 920 3130 curn
945 3084 1167 3146 pecnnia
1185 3093 1343 3148 capta
1358 3085 1494 3137 dono
1510 3088 1636 3138 data

573 3153 690 3203 eat!
741 3154 990 3206 Heinsius.

637 3228 732 3278 Sed
750 3237 857 3292 post
874 3233 994 3281 caiti
1011 3234 1184 3282 coedent
1195 3233 1415 3285 libertate
1431 3238 1634 3294 sublata,

569 3306 708 3354 vultu
728 3305 811 3368 qai
822 3309 1027 3356 maxime
1045 3309 1210 3371 servit,
1221 3311 1631 3376 adsentiebantur]

572 3377 760 3428 Omnia
773 3380 883 3430 lnoee
900 3395 1000 3430 non
1018 3389 1171 3431 erant
1187 3383 1238 3431 in
1255 3382 1456 3433 duobus
1479 3400 1631 3435 manu

569 3455 797 3501 exaratis
840 3457 1126 3509 codicibus.
1165 3456 1532 3518 sigeberge-nai
1573 3469 1632 3508 et

568 3539 716 3574 meo:
753 3527 872 3589 quid
899 3527 1060 3576 refert
1087 3537 1275 3584 tamen,
1301 3544 1418 3578 curn
1441 3544 1506 3578 ex
1530 3533 1627 3581 Co-

563 3601 786 3648 loniemi
821 3609 877 3651 et
916 3615 1100 3666 reapse
1133 3603 1260 3652 aatia
1291 3611 1494 3654 constet
1516 3619 1629 3656 ease

569 3673 770 3724 Curtii?
792 3676 1002 3725 Medias.
1065 3677 1212 3727 Vultu
1228 3681 1508 3743 adtentiaeb]
1540 3683 1630 3732 Sic

566 3749 706 3812 apud
741 3750 915 3799 Tacit.
949 3765 1028 3801 tv.
1052 3757 1135 3801 12.
1163 3757 1208 3803 1.
1243 3756 1260 3782 ⁶
1283 3755 1503 3805 Senatus
1539 3773 1628 3820 po·

569 3827 822 3890 pnlntqne
846 3827 1076 3878 habiturn
1097 3843 1160 3879 ac
1183 3842 1341 3879 voeea
1364 3833 1626 3883 dolentum

565 3903 856 3953 imitatione
881 3905 1063 3968 mugla,
1083 3920 1234 3968 quant
1253 3907 1432 3956 lubens
1449 3909 1625 3960 indue-

569 3977 696 4028 bat!
762 3979 931 4028 Multa
962 3980 1060 4028 hnc
1099 3980 1413 4042 pertinentia
1435 3982 1626 4033 Grute-

565 4067 652 4104 rna
679 4054 932 4106 Diacnran
953 4060 1036 4106 28.
1057 4056 1110 4104 in
1129 4055 1396 4116 Tacitum
1437 4057 1624 4122 quibua

567 4128 776 4192 probat,
797 4130 814 4158 ⁴
835 4131 1052 4180 maxime
1074 4130 1288 4189 laudari,
1311 4132 1397 4195 qni
1415 4133 1623 4182 minime

563 4209 866 4254 merentur-⁸
900 4205 1052 4258 Quod
1074 4213 1246 4255 antem
1267 4203 1398 4256 dicit
1423 4206 1621 4256 ruitum

1305 383 1522 433 No'rAE
1569 384 1980 433 vantotwn-
2022 383 2097 431 nt

1739 525 1959 575 maxime
1988 524 2201 581 servire,
2229 526 2417 573 testem
2448 519 2607 571 hahet
2642 519 2788 571 Cice-

1738 615 1912 650 ronem
1940 601 2107 665 Epist.
2134 600 2276 648 Fam.
2298 612 2339 647 ι.
2360 603 2410 647 9.
2442 602 2457 625 ·
2484 596 2675 645 Fronte
2708 602 2788 643 at-

1735 690 1836 739 que
1862 676 2005 725 vultu
2027 675 2280 724 simulatio
2303 671 2545 722 facillime
2570 670 2792 719 suatine-

1735 750 1852 799 tur.’
1916 751 2069 801 Unde
2110 750 2380 802 Juvenalia
2418 749 2603 809 Satyra
2639 759 2702 795 u.
2738 749 2793 795 8.

1735 826 1751 853 ⁸
1769 826 1975 875 Frontis
1998 826 2134 875 nulla
2157 823 2319 874 fide-‚⁹
2358 822 2576 873 Freinah.
2642 820 2788 869 Cice-

1734 914 1793 949 ro
1818 900 1881 949 ad
1908 901 2180 951 Lentulum
2206 900 2302 962 Ep.
2326 914 2363 949 ι.
2382 904 2436 948 9.
2456 901 2471 926 ‘
2490 898 2685 946 Fronte
2709 902 2789 943 at·

1732 989 1833 1038 quc
1858 976 2003 1025 vultu
2025 974 2279 1024 simulatio
2302 973 2543 1022 facillime
2566 972 2787 1020 suatine-

1734 1050 1855 1101 tnr.’
1892 1053 1961 1101 Et
1982 1052 2047 1100 ad
2072 1052 2139 1103 Q.
2160 1052 2331 1100 Fratr.
2356 1063 2398 1099 1.
2425 1052 2471 1099 1.
2496 1055 2545 1098 5.
2567 1050 2583 1076 ‘
2604 1050 2785 1107 Prona,

1732 1128 1886 1188 oculi,
1931 1130 2099 1177 vultus
2152 1140 2383 1190 μετεωρο
2428 1122 2787 1175 mentiuntur.’

1735 1204 1914 1253 cellar.

1781 1280 1915 1329 Car.
1932 1280 2029 1342 ις
2053 1284 2077 1327 1
2100 1278 2296 1327 otniae:
2314 1274 2477 1339 amul]
2503 1275 2785 1325 Callidissi-

1732 1370 1866 1404 mum
1901 1354 2190 1414 cont-ilium,
2226 1367 2325 1415 qno
2358 1357 2414 1401 et
2446 1358 2629 1413 postea
2664 1364 2782 1399 naua

1730 1430 1991 1480 Hannibal
2026 1430 2162 1494 apud
2198 1429 2399 1478 Livium
2433 1439 2557 1477 xxi.
2582 1430 2666 1476 21.
2700 1430 2782 1476 19.

1728 1505 1778 1555 in
1804 1506 2078 1569 Hiapania,
2098 1510 2113 1533 ⁸
2130 1503 2563 1568 conquisitoribua
2580 1502 2633 1550 in
2657 1502 2783 1551 civi·

1728 1586 1864 1629 tatea
1886 1580 2069 1640 missia,
2091 1588 2311 1643 quatuor
2332 1578 2490 1627 millia
2520 1576 2779 1638 conscrip-

1728 1661 1783 1703 ta
1804 1653 2019 1703 delecte
2028 1655 2338 1717 juventutis,
2356 1653 2649 1718 presidium
2665 1666 2780 1701 eoa·

1726 1728 1843 1776 dem
1887 1735 1945 1777 et
1980 1728 2205 1789 obsides,
2247 1728 2367 1777 duci
2416 1728 2779 1789 Carthaginem

1712 1800 1903 1865 jubet?
1966 1802 2054 1851 Sic
2090 1803 2226 1851 enirn
2272 1802 2646 1865 interpretatur
2687 1802 2781 1851 illa

1725 1879 1928 1943 Polybii
1956 1894 2041 1929 m.
2063 1884 2139 1931 88.
2189 1879 2435 1941 Ὁμηρείας
2456 1877 2659 1941 ἔχοντας
2696 1874 2779 1926 καὶ

1722 1954 1942 2015 βοηθείας
1962 1954 2059 2015 ἅμα
2073 1955 2221 2016 τάξιν.
2258 1955 2478 2005 Freinsh-

1787 2034 1861 2095 §2
1885 2032 2158 2093 Craterum]
2178 2031 2325 2080 Idem
2344 2031 2505 2079 tradit
2524 2030 2773 2079 Arrianna

1722 2120 1801 2156 tv.
1821 2110 1871 2157 4.
1893 2111 1968 2156 10.
2004 2111 2017 2132 ‘
2037 2107 2310 2156 Craterum
2339 2105 2581 2155 adversus
2618 2107 2773 2155 Cata-

1722 2194 1822 2229 nen
1846 2189 1899 2231 et
1926 2180 2213 2239 Attataneu,
2235 2179 2319 2244 qui
2340 2182 2436 2231 aoli
2468 2195 2535 2229 ex
2570 2182 2774 2231 Parite-

1720 2257 1863 2305 cenis
1900 2255 2238 2316 defecerant,'
2264 2256 2395 2304 verti
2431 2256 2630 2317 debuit,
2649 2258 2665 2284 ‘
2682 2257 2774 2321 qui

1718 2330 1811 2380 aoli
1855 2346 1920 2380 ex
1965 2329 2319 2381 defectoribus
2360 2330 2411 2379 in
2450 2330 2774 2382 Paratacene

1719 2406 1861 2471 (nam
1898 2416 1953 2457 et
1986 2409 2331 2471 Παρειτακηνῶν
2370 2406 2629 2457 εοτίὺεηᾶ.
2672 2422 2771 2469 pro

1716 2485 1936 2548 Παροιτ.)
1992 2484 2333 2548 supererant?
2398 2485 2575 2534 Ceteri
2616 2485 2771 2548 enirn,

1718 2562 1803 2623 qui
1830 2561 1981 2608 aimnl
2016 2558 2340 2622 defecerant,
2362 2561 2477 2622 jaim
2506 2567 2655 2608 erant
2678 2561 2768 2610 do-

1718 2635 1851 2698 miti,
1868 2643 1923 2682 nt
1942 2649 2005 2683 ex
2023 2634 2453 2684 antecedentibus
2470 2635 2606 2698 apud
2625 2634 2771 2684 Arri·

1715 2723 1864 2757 auum
1887 2716 2107 2757 constat.
2145 2709 2361 2758 Freinalc.

1794 2782 2066 2844 Bubacene]
2110 2783 2262 2832 Hanc
2316 2783 2575 2845 regionem
2617 2799 2769 2835 nemo

1712 2865 1906 2920 preter
1917 2858 2149 2907 Curtium
2168 2857 2362 2907 laudat.
2390 2859 2623 2909 Mnus.
2666 2861 2765 2909 Co-

1711 2934 1995 2997 gitandum,
2031 2948 2199 2983 annon
2222 2934 2399 2983 dicere
2424 2936 2644 2985 voluerit
2670 2937 2766 2986 Pa·

1709 3013 1958 3058 relucente?
2026 3009 2081 3058 Si
2108 3009 2381 3060 Arrianum
2418 3011 2767 3072 introspiciaa,

1711 3083 1986 3133 videbitur.
2012 3083 2233 3133 Freiaalt.
2286 3083 2447 3144 Regio
2465 3085 2559 3131 soli
2580 3083 2764 3134 Curtio

1710 3166 2011 3219 memorata,
2054 3159 2274 3224 ideoque
2316 3159 2403 3206 alii
2458 3157 2765 3208 Paratum

1708 3236 1925 3290 malunt,
1948 3236 2033 3284 ubi
2056 3233 2421 3297 Polyperchon
2440 3246 2555 3280 cum
2578 3232 2764 3282 Crate-

1709 3323 1767 3358 ro
1784 3309 2005 3358 rebelle·
2024 3309 2292 3358 domuerat
2308 3313 2521 3356 auctore
2540 3306 2763 3356 Arriano

1708 3386 1799 3434 lib.
1828 3399 1907 3432 tv.
1936 3387 2113 3432 Cellar.

1772 3460 1835 3506 Ia
1864 3457 2111 3520 ditionem]
2148 3456 2453 3505 Deditionem
2494 3456 2615 3506 libri
2649 3456 2758 3504 vul-

1706 3531 1836 3594 gati.
1872 3531 2084 3578 Modiin.

1770 3607 1801 3667 ξ
1822 3609 1851 3652 8
1894 3605 1955 3652 In
1989 3603 2157 3652 bellam
2180 3604 2425 3669 Indicam]
2462 3606 2613 3657 Quod
2642 3607 2754 3668 jam

1705 3678 1895 3727 dudum
1918 3679 2145 3740 agitabat
2166 3684 2358 3743 animo,
2374 3696 2531 3745 supra
2556 3695 2679 3730 vm.
2704 3685 2757 3733 2.

1702 3757 1785 3803 27.
1856 3754 1924 3803 Et
1966 3755 2104 3815 apud
2149 3753 2356 3805 Arrian.
2393 3769 2471 3805 w.
2509 3760 2556 3805 8.
2588 3761 2637 3804 4.
2672 3771 2753 3806 re-

1702 3828 1924 3892 apondet
1954 3829 2297 3892 Pharaemani,
2317 3833 2498 3880 «lucem
2518 3846 2574 3881 ae
2598 3835 2752 3882 conti-

1702 3913 1911 3968 temque
1952 3903 2191 3955 Pontica!
2249 3906 2596 3970 expeditionia
2639 3907 2752 3958 fore

1702 3979 1957 4044 pollicito,
1979 3984 1994 4008 ‘
2014 3981 2113 4030 sibi
2145 3995 2225 4031 rea
2260 3981 2467 4030 Indica·
2498 3983 2551 4030 in
2582 3985 2751 4034 animo

1701 4055 1852 4106 eane-⁹
1888 4057 2107 4106 Freinah.
2590 4099 2599 4106 .

1763 4133 1838 4194 §⁴
1858 4131 2027 4196 clypei
2044 4132 2295 4195 militam]
2310 4133 2625 4182 Membrana
2642 4148 2747 4183 om-

1698 4219 1808 4270 nes,
1832 4220 1954 4271 quaa
1975 4208 2098 4274 vidi,
2116 4207 2298 4271 Periti,
2314 4210 2545 4259 militares
2564 4223 2677 4258 aare
2699 4213 2747 4258 et
