3222 4944
596 422 770 497 1318

597 602 716 639 cum
739 585 816 635 ita
832 578 970 636 esset
991 584 1043 633 in
1066 580 1373 633 membranis
1397 576 1655 647 perscrip-

600 660 744 711 tum?
766 658 978 709 Medius.
1024 658 1145 709 Viuo
1157 656 1403 721 imputari]
1429 658 1656 707 Recurre

598 736 666 786 ad
701 736 844 786 illum
883 736 1050 784 locum
1071 747 1150 783 vr·
1174 738 1253 783 11.
1272 738 1355 785 28.
1390 732 1456 783 de
1479 732 1657 796 Hege-

597 812 769 874 locho,
799 816 1016 861 utrumne
1035 810 1146 859 viae
1163 815 1395 873 meatus
1409 809 1659 875 didisset

595 887 701 937 illm
770 887 842 937 Et
877 900 993 951 que
1031 900 1124 935 nos
1153 886 1217 934 ad
1240 886 1556 949 epigramma
1574 890 1658 935 26.

599 960 881 1018 Martialis,
919 960 1055 1024 quod
1090 961 1320 1011 Procilio
1353 961 1658 1011 inscribitur

595 1036 686 1087 lib.
711 1050 751 1086 ι.
785 1036 1020 1087 Rederas.
1088 1037 1211 1092 Qaae
1229 1034 1342 1085 vino
1361 1038 1546 1098 poterat
1568 1036 1657 1085 im-

595 1110 775 1175 putari,
803 1111 1012 1170 affunde
1044 1112 1195 1175 coeds]
1236 1111 1389 1161 Unde
1425 1112 1657 1161 Themis-

598 1188 704 1237 tius
733 1186 882 1237 Orat.
899 1201 956 1237 V.
976 1186 1043 1236 de
1061 1186 1186 1235 Cliti
1211 1186 1354 1236 cade
1377 1187 1659 1250 eleganter,

601 1262 694 1311 xci
715 1262 801 1311 οὒκ
821 1260 1032 1323 ἠμύνατο
1051 1260 1402 1326 (Ἀλέξανδρος)
1438 1263 1547 1326 obp
1571 1264 1659 1312 rin

601 1334 748 1401 οἶνον,
767 1337 898 1388 ἀλλὰ
918 1336 1102 1403 σιδήρῳ.
1137 1339 1250 1387 Noa
1261 1338 1370 1387 vino
1381 1340 1562 1401 viam,
1577 1340 1660 1389 sed

585 1414 727 1473 serre
737 1412 1010 1464 vindicavit.
1048 1414 1178 1463 Nam
1196 1414 1446 1464 lubricum
1463 1416 1658 1478 lingum

601 1490 924 1539 temulentiae
961 1489 1184 1538 dandum
1227 1480 1432 1553 fueratg
1475 1490 1566 1539 sed
1603 1496 1660 1539 et

598 1564 770 1628 ipsum
789 1565 1138 1616 Alexandrum
1157 1565 1460 1615 temulentia
1475 1565 1539 1615 ad
1558 1580 1659 1615 cte-

599 1639 719 1690 dem
740 1640 964 1705 impulit.
995 1640 1190 1691 Lucem.

665 1713 746 1780 §3
781 1716 1143 1778 Poeas'tentioem]
1181 1718 1302 1768 Quo
1323 1716 1533 1766 nomine
1551 1718 1659 1766 lau-

601 1792 695 1841 dat
730 1789 1082 1842 Alexandrum
1119 1792 1367 1852 Arrianus
1407 1807 1488 1842 tv.
1509 1798 1558 1842 2.
1581 1797 1663 1843 11.

598 1869 616 1895 ⁴
639 1867 795 1918 Quod
841 1867 1016 1918 statim
1059 1866 1298 1916 maleficii
1353 1868 1663 1931 poeniteutia

601 1940 791 1991 ductus
814 1941 971 1991 fucrit
987 1941 1020 1991 :'
1051 1950 1108 1993 et
1132 1955 1238 1993 vn.
1263 1948 1315 1993 6.
1335 1948 1417 1994 21.
1441 1946 1456 1973 ‘
1477 1943 1540 1994 Id
1565 1945 1661 1995 soli

599 2016 702 2082 ipsi
727 2016 866 2068 iuter
886 2027 1089 2069 veteres
1111 2033 1260 2083 reges
1279 2026 1534 2084 tamquam
1551 2022 1661 2070 exi-

601 2093 759 2142 mium
791 2106 853 2143 ac
886 2094 1160 2156 genuinum
1193 2094 1437 2159 quiddam
1465 2095 1661 2145 adseri·

600 2167 700 2219 bit.
765 2170 1014 2234 Plerique
1029 2171 1184 2228 enim,
1209 2171 1416 2221 tametsi
1438 2171 1661 2236 alicujus

598 2245 780 2296 delicti
820 2246 1016 2296 conscii
1051 2246 1152 2298 sibi
1188 2246 1314 2309 sint,
1364 2253 1573 2298 tuentes
1605 2247 1662 2297 id

600 2329 662 2369 ιιι
705 2330 850 2371 recte
889 2320 1105 2383 factum,
1153 2320 1402 2385 obtegere
1455 2324 1664 2387 culpam

599 2410 746 2445 suam
772 2403 992 2460 putant:
1027 2398 1201 2460 inique
1223 2398 1548 2459 statuentes,’
1565 2402 1663 2447 stc.

603 2471 828 2523 Fran-1⁸.

665 2550 882 2600 &lituris
902 2548 1136 2613 exiebat]
1163 2547 1337 2598 Antea
1368 2547 1663 2610 legebatur,

601 2627 804 2676 οοῐίὲιιάο
823 2625 1105 2690 excipiebat,
1124 2624 1262 2690 quod
1283 2625 1426 2675 nibili
1451 2625 1532 2673 bic
1551 2638 1663 2673 ver-

601 2701 721 2752 bum
757 2711 868 2753 est:
905 2701 1032 2752 dicit
1065 2701 1296 2762 Curtius,
1327 2701 1663 2750 solitudinem

600 2775 957 2826 Alexandrum
979 2775 1217 2829 movisse,
1241 2781 1300 2824 ut
1322 2775 1475 2824 etiam
1497 2777 1662 2838 magis

600 2850 730 2900 facti
771 2850 1065 2913 poeniteret.
1111 2851 1304 2915 quippe
1347 2865 1464 2900 cum
1511 2865 1662 2911 nemo

603 2941 722 2978 eum
757 2925 1127 2976 consolaretur.
1171 2925 1385 2974 Medias.
1463 2926 1661 2976 Nescio

605 3016 672 3052 au
695 3003 770 3052 ita
791 3001 1059 3065 scripserit
1079 3001 1310 3064 Curtius,
1343 3000 1428 3050 cui
1463 2999 1574 3050 fere
1596 3015 1663 3052 ea

605 3077 852 3128 dicuntur
883 3076 1054 3138 eici-iri,
1087 3091 1202 3140 qua
1237 3083 1522 3126 evocantur
1543 3091 1661 3126 cum

605 3151 940 3213 difficultate,
953 3151 1278 3202 obstantibus
1290 3164 1496 3216 quoquo
1511 3154 1665 3203 modo

605 3230 682 3280 uti
719 3243 835 3294 qut
873 3235 1191 3293 queruntur.
1274 3224 1349 3277 At
1381 3227 1665 3280 Alexandri

607 3304 910 3369 poenitentia
947 3308 1064 3353 erat
1099 3309 1299 3366 parata,
1335 3301 1487 3360 modo
1507 3304 1663 3355 liber-

607 3381 708 3431 tati
727 3383 837 3446 ejus
857 3381 928 3431 nil
953 3377 1207 3430 obstaret.
1272 3379 1416 3429 Libri
1447 3380 1536 3430 alii
1573 3380 1663 3431 hu*

604 3457 732 3507 bent
751 3457 1033 3520 excipiebat.
1057 3456 1196 3507 uude
1219 3457 1453 3519 suspicor
1472 3457 1665 3508 exhibe-

608 3533 688 3580 but
718 3530 1058 3581 scribendum.
1091 3529 1380 3593 Scheffm.
1447 3533 1663 3596 Conspi-

609 3613 730 3654 rant
762 3605 970 3654 codices
1005 3605 1056 3654 iu
1095 3619 1223 3654 voce
1257 3605 1535 3669 excipiebas,
1566 3621 1667 3659 nec

608 3678 736 3730 iliud
761 3686 864 3728 tam
885 3676 1283 3736 nibiliverbum,
1316 3693 1414 3730 nee
1437 3682 1542 3730 ulla
1564 3683 1667 3732 alia

609 3754 930 3822 frequentior
941 3752 1076 3818 apud
1091 3756 1500 3817 Nostrum‚varia
1509 3759 1666 3810 etiam

609 3828 1001 3894 significatione,
1033 3827 1186 3880 simili
1207 3823 1323 3880 fere
1342 3829 1432 3882 lib.
1455 3845 1528 3882 vr.
1552 3833 1569 3862 ⁴
1591 3835 1669 3885 Ut

610 3907 832 3971 primum
853 3904 1158 3957 instantibus
1179 3904 1318 3955 curis
1339 3906 1541 3956 laxatus
1563 3914 1667 3974 est,

609 3994 868 4045 excepere
888 3993 1010 4030 eum
1032 3980 1360 4045 voluptates.’
1395 3981 1606 4035 Phaedr.
1628 3998 1669 4036 1.

611 4061 692 4108 12.
721 4059 738 4086 ⁶
755 4055 897 4106 Silva
920 4062 1029 4106 tum
1065 4055 1277 4118 excepit
1297 4053 1512 4106 ferum?
1548 4067 1603 4110 et
1624 4060 1670 4112 si

613 4135 738 4184 velis
761 4149 855 4198 pro
876 4133 1197 4199 pertrahere,
1233 4140 1292 4184 ut
1317 4134 1388 4186 sit
1419 4138 1566 4200 quasi
1601 4152 1669 4190 ex

613 4213 907 4262 venantium
969 4209 1168 4261 insidiis
1219 4209 1497 4277 conticere,
1549 4213 1668 4265 vide

613 4283 824 4336 Phaecr.
845 4299 884 4336 ι.
909 4290 988 4338 11.
1011 4287 1028 4320 ‘
1047 4285 1306 4352 fugientes
1327 4289 1442 4354 ipse
1461 4289 1669 4356 excipe·

1297 438 1514 489 ⁸0⁶1·AE
1563 436 1968 488 vammum
2016 433 2097 487 IN

1730 584 1812 632 ret
1826 582 1858 629 ι’
1878 586 1936 632 et
1952 580 2075 632 ibid.
2088 578 2413 631 doctissimas
2432 586 2602 631 notass
2636 580 2787 632 Adde

1730 662 1787 707 et
1806 656 2041 707 Iudicem
2066 656 2265 707 Nostri.
2300 656 2460 707 Saule.

1796 735 1879 797 §4
1918 734 2049 794 Ergo
2086 730 2295 794 mass]
2362 730 2584 794 Scripsit
2623 731 2793 782 Janus

1732 808 1989 859 Gruterus
2021 807 2087 857 ad
2122 808 2265 858 illum
2299 806 2467 855 Taciti
2500 807 2671 855 iocum
2694 820 2785 857 xv.

1731 887 1815 934 ⁸6.
1831 888 1881 934 8.
1904 890 1920 913 ⁸
1940 883 2246 932 Facinorur‘u
2270 881 2628 931 recordatione
2646 894 2791 930 nurn-

1730 973 1884 1023 quam
1910 960 2093 1010 timore
2133 958 2363 1019 vacuus,'
2402 958 2576 1006 nobile
2610 964 2791 1020 caput,

1732 1036 1815 1085 cui
1838 1034 1967 1086 fecit
1988 1036 2121 1084 hanc
2152 1033 2575 1097 inscriptionem:
2612 1034 2628 1061 ‘
2652 1034 2787 1083 Cou-

1730 1110 1949 1161 scientia
1964 1112 2041 1160 eis
2070 1124 2166 1174 pro
2194 1124 2368 1174 poena,
2391 1109 2479 1174 qui
2502 1124 2657 1173 supra
2678 1118 2789 1173 ραι·

1730 1197 1849 1237 nam
1870 1186 1903 1236 ι’
1958 1187 2045 1237 ubi
2090 1186 2311 1251 plurima
2356 1200 2423 1235 ex
2466 1186 2790 1237 nobilissimis

1732 1263 2073 1327 scriptoribus
2104 1262 2173 1312 de
2204 1260 2493 1313 facinorum
2526 1262 2794 1313 couscien-

1732 1339 1827 1404 tia,
1849 1353 2005 1404 quem
2022 1352 2123 1402 ego
2140 1338 2309 1388 locum
2330 1337 2549 1401 indigito
2572 1344 2797 1400 tantum,

1732 1426 1835 1463 non
1881 1414 2196 1476 transcribo,
2242 1412 2366 1477 quia
2414 1413 2792 1478 prolixissimus

1734 1496 1835 1555 est,
1858 1489 1949 1539 sed
1976 1496 2116 1539 totus
2136 1495 2307 1539 tamen
2329 1488 2430 1539 buc
2450 1487 2607 1542 facite
2636 1500 2791 1553 quem

1734 1564 1904 1630 ipsum
1934 1564 2101 1616 Curtii
2136 1565 2305 1616 iocum
2336 1579 2369 1614 a
2389 1565 2625 1615 Grutero
2656 1578 2791 1629 prai-

1737 1642 1949 1692 teritum
1990 1642 2169 1703 mircr,
2209 1656 2326 1691 cum
2364 1642 2446 1691 vei
2481 1642 2701 1691 maxime
2726 1640 2795 1691 ad

1726 1716 2029 1783 ‘institutum
2052 1716 2268 1776 faceret,
2291 1723 2349 1766 et
2368 1716 2573 1767 interim
2598 1716 2699 1766 alia
2724 1730 2794 1767 ex

1736 1794 1917 1843 eodem
1952 1793 2225 1857 producat.
2262 1792 2498 1843 Raderus.
2566 1793 2795 1857 Collegit

1736 1870 1849 1933 ejus
1892 1869 2093 1932 generis
2148 1868 2372 1932 piurima
2414 1866 2682 1918 Aruisaeus
2725 1870 2793 1919 de

1736 1944 1946 2009 Repnb.
1968 1958 2033 1994 ιι.
2056 1947 2106 1992 8.
2131 1948 2181 1993 9.
2199 1948 2251 1995 4.
2274 1946 2372 1994 «isc.
2412 1944 2633 1993 Freinsh.

1802 2024 1883 2085 §6
1919 2022 2215 2070 Per-munte
2248 2020 2412 2083 regia]
2445 2018 2537 2068 Ita
2556 2020 2639 2069 hie
2667 2034 2797 2083 quo·

1735 2111 1835 2163 que
1856 2096 1925 2147 de
1941 2097 2245 2160 conjectura
2257 2094 2461 2159 scripsi,
2480 2108 2597 2145 cum
2614 2094 2663 2145 iu
2688 2096 2798 2144 edi-

1736 2172 1962 2223 tionibus
2007 2186 2109 2223 ncn
2156 2170 2292 2223 bene
2342 2179 2481 2221 esset
2536 2184 2795 2235 personas

1736 2248 1889 2310 regia.
1918 2246 2153 2297 Modius.

1804 2324 1887 2371 Ns
1903 2336 1954 2371 ss
1976 2326 2107 2371 tauto
2136 2320 2353 2371 dedecori
2378 2322 2677 2381 superstitem
2696 2329 2795 2373 esse

1735 2396 2036 2457 paterentur]
2082 2392 2329 2442 Arrianus
2361 2394 2451 2444 lib.
2484 2410 2561 2445 tv.
2596 2398 2800 2456 scribit,

1738 2485 1842 2535 qno
1884 2469 2050 2520 minus
2086 2468 2247 2520 cedis
2287 2470 2528 2534 puderet,
2562 2471 2801 2526 Anaxar-

1738 2546 1890 2596 chum
1928 2545 2221 2608 sophistam
2262 2547 2329 2594 ab
2364 2549 2538 2598 amicis
2578 2553 2797 2602 accersi-

1738 2625 1847 2670 tum
1882 2619 1949 2670 ad
1984 2633 2100 2669 eum
2125 2622 2341 2686 venisse,
2360 2637 2581 2690 cumque
2614 2627 2667 2676 iu
2692 2629 2799 2679 lec-

1740 2697 1848 2744 tulo
1864 2695 2144 2760 jacentem,
2168 2711 2231 2746 ac
2260 2701 2601 2760 suspirantem
2634 2699 2801 2756 offen-⁶

1738 2769 1919 2833 disset,
1958 2769 2144 2820 oborto
2178 2772 2282 2820 risu
2309 2771 2524 2835 dixisse,
2557 2775 2795 2838 Ignorari

1737 2858 1770 2893 a
1790 2843 2106 2907 mortalibus,
2126 2859 2222 2894 cur
2238 2846 2503 2909 sapientes
2525 2848 2559 2899 J
2566 2852 2795 2906 ustitiam

1736 2919 1858 2974 Jovi
1880 2919 2195 2969 assidentem
2216 2918 2469 2972 feceriut:
2493 2923 2545 2972 id
2568 2925 2703 2976 enim
2727 2929 2797 2980 ab

1737 2995 1801 3044 iis
1836 3009 1904 3048 ea
1936 2995 2135 3046 ratione
2168 2997 2540 3060 excogitatum,
2561 3007 2620 3049 ut
2650 3003 2799 3066 quid-

1738 3070 1864 3136 quid
1908 3071 1975 3120 ab
2014 3071 2129 3136 ipso
2161 3072 2296 3123 Jove
2328 3072 2715 3140 decerneretur,
2741 3079 2799 3134 id

1730 3147 1877 3212 justu
1898 3144 2095 3197 sactu·
2114 3154 2375 3211 putarent.
2418 3149 2681 3214 Oportere
2702 3155 2799 3216 igi·

1740 3230 1845 3281 tur,
1868 3237 1983 3286 quae
2015 3239 2048 3274 a
2078 3237 2265 3287 magno
2286 3239 2411 3289 rege
2434 3224 2639 3285 fierent.
2650 3229 2799 3291 jnsta

1740 3301 2060 3361 existimari3
2093 3301 2314 3366 primurn
2347 3300 2553 3365 quidem
2584 3302 2649 3353 ab
2682 3304 2796 3368 ipso

1740 3393 1885 3445 rege,
1935 3379 2126 3430 deinde
2168 3394 2200 3429 a
2242 3380 2433 3432 ceteris
2474 3381 2797 3436 mortalibus.

1740 3457 1874 3510 Qum
1895 3470 2013 3508 eum
2030 3455 2267 3515 dixisset,
2284 3455 2651 3519 Alexandrum,
2668 3465 2801 3509 tam-

1688 3565 1695 3570 -
1739 3547 1891 3596 quam
1912 3544 2036 3581 vera
2059 3536 2253 3590 esseut,
2277 3543 2381 3578 non
2418 3531 2545 3581 nibil
2577 3546 2799 3584 moerore

1738 3607 2045 3656 relevatum.
2088 3603 2299 3652 Curtius
2318 3616 2351 3652 a
2372 3603 2689 3657 Callisthene
2715 3623 2795 3659 re-

1738 3687 1980 3730 vocatum
2002 3677 2069 3728 ad
2091 3677 2251 3728 vitam
2284 3675 2467 3738 refert,
2490 3695 2608 3731 cum
2638 3683 2799 3735 inter·

1738 3753 1883 3806 fecto
1902 3755 2042 3804 Clito
2065 3752 2363 3804 Alexander
2394 3757 2521 3806 mori
2554 3772 2797 3821 perseve-

1740 3837 1898 3895 raret,
1920 3837 2181 3894 tamquam
2202 3830 2299 3880 sibi
2314 3831 2446 3881 band
2470 3833 2688 3894 amplius
2710 3837 2801 3887 ho.

1740 3911 1944 3958 nestum
1984 3904 2125 3955 foret
2160 3906 2297 3956 inter
2333 3907 2565 3957 homines
2599 3909 2797 3977 vivere,

1744 3981 1831 4045 qui
1862 3981 2079 4032 amicum
2110 3981 2363 4032 bominem
2386 3981 2493 4030 vita
2526 3985 2797 4046 privasset.

1742 4059 1883 4110 Vera
1905 4060 2207 4110 Demetrius
2229 4057 2421 4120 Epicus
2448 4059 2635 4122 poiita.
2620 4077 2633 4090 ·
2671 4062 2799 4112 Ζοδν

1744 4135 2073 4200 &ripheos-res,
2090 4133 2407 4199 ἀποφθίμενον
2420 4133 2635 4198 ζητοῦσι.
2670 4139 2799 4189 Ode

1740 4221 1853 4266 nuit
1873 4216 2049 4272 uisam
2070 4226 2207 4278 quem
2226 4227 2339 4264 mx
2354 4219 2461 4308 post
2472 4213 2649 4274 fuam
2669 4229 2799 4282 qaae

1742 4296 1874 4344 raat-
1908 4291 2128 4358 Popma.
