3222 4944
872 441 938 500 Q.
985 442 1243 490 cun‘ru
1293 441 1470 492 Ruri
1524 444 1668 494 mn.
1716 445 1878 492 vm.
1929 447 2089 494 cn.
2131 434 2197 496 9.
2437 433 2606 500 1371

444 585 550 638 tur,
574 591 685 628 eam
707 579 947 631 videlicet
970 582 1025 630 in
1049 582 1217 638 India,
1235 583 1489 647 Indicum,

440 654 583 703 illinc
632 655 687 702 in
746 655 1001 705 Graeciam
1065 665 1487 723 transportatam,

442 727 685 778 Graeenm
709 743 991 780 sermonem
1014 732 1231 795 discere,
1252 741 1307 782 et
1326 733 1486 782 bomi-

438 817 561 853 num
602 819 741 854 more
769 807 1083 856 articulatae.
1110 809 1485 875 distinctaeque

443 891 593 928 vocea
619 879 825 930 tandem
846 880 1108 943 proferre3
1145 884 1241 933 hoc
1256 892 1315 932 nt
1332 887 1485 947 plane

440 952 713 1003 absurdum
754 962 811 1004 ct
850 956 1081 1018 ineptum
1125 967 1485 1022 commentum,

440 1028 809 1079 exsibilandum
854 1030 1337 1095 explodendumque
1374 1047 1485 1084 eaae

438 1103 681 1154 dixerint.
747 1106 1002 1158 Quinam?
1036 1121 1223 1169 nempe
1256 1121 1356 1156 non
1377 1109 1485 1170 alii,

438 1196 587 1242 quam
648 1181 829 1246 quibua
882 1183 1167 1246 hujusmodi
1225 1199 1369 1234 avem
1420 1201 1484 1234 ex

435 1255 626 1306 Indicia
661 1261 783 1307 oria·
815 1259 1085 1308 advectam
1114 1257 1313 1309 lvidere
1357 1275 1483 1310 nun-

435 1347 587 1394 quam
626 1335 945 1398 eontigiaaet.
1014 1336 1150 1384 Nam
1179 1335 1398 1385 Ovidiua
1430 1343 1485 1386 et

432 1405 648 1468 statiua,
665 1405 888 1457 fortasse
912 1416 969 1457 et
992 1409 1109 1472 ipsi,
1137 1409 1390 1458 bominem
1430 1410 1483 1459 id

434 1487 940 1544 commemorantem,
974 1489 1030 1530 ut
1063 1491 1244 1546 aperte
1278 1485 1484 1533 menda·

437 1567 575 1608 cem..
608 1555 883 1619 aliqnando
912 1557 1017 1603 rim
1050 1566 1395 1619 exceperant:
1431 1565 1485 1608 at

438 1635 709 1690 postquam
724 1629 887 1690 ipsam
910 1629 1010 1678 illia
1034 1630 1207 1678 datum
1224 1628 1327 1680 fuit
1339 1645 1484 1682 avem

438 1715 655 1750 cernere
676 1709 731 1751 et
762 1702 959 1758 audire,
987 1717 1137 1768 quam
1157 1719 1223 1753 ea
1243 1703 1310 1753 de
1334 1720 1386 1755 re
1408 1705 1485 1757 fa·

436 1792 531 1826 mia
544 1785 603 1828 et
614 1778 829 1828 aliorum
841 1779 1057 1828 sermoni
1073 1779 1313 1829 adbibere
1328 1779 1482 1832 fidem

434 1853 722 1909 noluerant,
760 1866 869 1901 eam
910 1855 1014 1902 auia
1058 1854 1481 1917 iptorum-oculis

436 1926 681 1978 adbibere
704 1927 872 1976 coacti
893 1926 1116 1978 fuerunt.
1182 1929 1351 1991 Et,·ut
1368 1931 1481 1980 illos

435 2009 712 2058 taceamne,
732 2003 986 2066 hodieque
1003 1999 1227 2065 uulgaria
1249 2012 1331 2054 eat
1350 2005 1480 2055 adeo

432 2079 519 2128 illa
541 2079 665 2134 avia,
690 2086 747 2128 ut
764 2085 945 2128 extare
966 2080 1185 2142 aliquem
1216 2081 1301 2144 qui
1336 2081 1481 2131 dicat

432 2153 740 2204 incredibile
755 2169 870 2202 ease
882 2155 1019 2217 quod
1036 2154 1101 2202 de
1119 2157 1207 2205 illa
1223 2163 1480 2218 narratur,

434 2227 485 2276 id
510 2228 711 2276 demum
735 2227 879 2275 nobi·
900 2228 1050 2289 plane
1072 2229 1139 2276 ait
1160 2229 1481 2280 incredibile.

434 2303 601 2353 Quem
614 2301 747 2349 enim
763 2301 1049 2351 Psittacum
1064 2300 1239 2365 (quem
1256 2301 1483 2358 βίττακον

435 2376 637 2426 Ctesias
680 2375 763 2424 bic
808 2373 1063 2438 appellat)
1110 2383 1301 2438 praeter
1339 2379 1481 2428 illum

434 2451 784 2502 veronensem
838 2450 1107 2503 Claudiani
1152 2465 1347 2515 aenem,
1390 2459 1484 2503 aut

434 2528 657 2591 aliquem
676 2527 747 2577 illi
764 2527 1000 2588 similem,
1016 2541 1273 2591 uunquam
1293 2529 1482 2579 vidiaae

434 2602 763 2665 putabimua?
796 2602 955 2665 Finge
970 2611 1141 2653 tamen
1162 2604 1378 2667 reperiri
1402 2618 1481 2655 ae-

434 2690 552 2726 nem
575 2678 797 2741 aliquem
820 2676 903 2741 (et
922 2678 1244 2739 reperiuntur
1262 2676 1480 2728 forsitan

432 2752 629 2817 aliquot
649 2768 714 2802 ex
736 2752 839 2801 illia
872 2753 1024 2801 etiam
1060 2752 1147 2817 qui
1182 2752 1235 2802 in
1270 2752 1481 2803 urbibus

434 2826 658 2891 degunt)
691 2828 777 2891 qui
798 2840 1056 2892 nunquam
1078 2841 1193 2876 eam
1221 2830 1481 2879 volucrem

432 2902 643 2959 viderit,
682 2909 792 2964 aut,
830 2904 875 2953 ni
919 2901 1126 2964 viderit,
1184 2903 1479 2967 loquentem

434 2986 579 3029 certe
596 2991 851 3042 nunquam
876 2978 1128 3028 audierit:
1164 2993 1231 3027 an
1252 2994 1367 3029 eum
1390 2982 1477 3045 qui

432 3054 565 3104 lianc
607 3054 682 3104 illi
726 3055 809 3103 avi
842 3054 1057 3103 inditam
1097 3068 1209 3103 eaae
1239 3054 1478 3105 naturum

434 3130 727 3192 affirmabit,
748 3128 901 3179 fidem
924 3130 1061 3193 apud
1084 3128 1375 3191 hujusmodi
1396 3130 1481 3177 bo-

435 3206 647 3254 minem.
680 3206 1071 3267 impetraturum
1140 3204 1297 3253 reria?
1359 3205 1479 3253 Hoc

435 3286 577 3327 certe
610 3280 651 3325 ai
686 3278 874 3339 credie,
905 3279 1055 3341 longe
1087 3276 1298 3327 fallen-ia.
1380 3278 1479 3327 Hi·

434 3352 593 3413 igitur
617 3349 823 3399 tandem
852 3352 986 3398 bunc
1024 3364 1309 3399 sermonem
1339 3353 1479 3399 elau·

435 3427 613 3474 damua
666 3423 854 3471 verbia-
943 3421 1379 3473 Quemadmodum
1439 3424 1479 3471 ai

435 3504 687 3565 psittacua
702 3512 959 3562 nunquam
982 3512 1047 3547 ex
1063 3496 1211 3545 India
1234 3497 1479 3547 advectus

433 3579 499 3627 ad
522 3591 615 3626 noa
634 3575 835 3633 suisset,
855 3587 1001 3623 avem
1026 3572 1163 3635 apud
1188 3572 1346 3621 Indos
1368 3586 1479 3621 asae

432 3652 677 3702 humanas
699 3664 851 3699 vocea
882 3656 1145 3697 aonautem
1184 3661 1336 3696 nemo
1372 3662 1479 3697 cre·

434 3728 613 3777 deret:
660 3738 799 3776 nunc
829 3738 953 3773 vero
985 3722 1224 3786 quonlam
1259 3722 1484 3785 vulgaria

436 3808 515 3851 eat
546 3804 649 3859 illa,
682 3802 769 3850 vix
805 3799 1073 3863 quitquam
1110 3796 1207 3846 boc
1252 3796 1481 3847 miraculi

434 3879 549 3927 loco
580 3877 768 3926 habet:
804 3872 983 3922 itidem
1016 3871 1172 3921 etiam
1217 3872 1377 3920 multa
1414 3870 1480 3920 de

438 3950 551 4000 aliia
573 3950 767 3999 Indicia
788 3946 1088 3998 animalibus
1113 3944 1315 4007 referri,
1338 3953 1391 3995 et
1412 3946 1481 3995 de

436 4026 631 4090 plantio
668 4032 821 4087 atque
861 4020 1149 4082 arboribus,
1184 4020 1481 4069 nominatim

434 4102 591 4157 etiam
601 4099 667 4147 de
676 4098 978 4161 quibusdam
996 4094 1399 4153 radicibua,item
1414 4094 1481 4145 de

433 4176 599 4240 aquia,
610 4174 676 4222 de
688 4172 921 4233 metallis,
930 4171 995 4219 de
1008 4168 1345 4233 aliiadeniqne
1356 4170 1481 4218 mul·

436 4256 505 4303 tia
522 4252 599 4303 illi
614 4250 809 4315 regioni
822 4248 1167 4313 peculiaribus
1178 4246 1333 4297 rebus
1348 4258 1485 4296 com·

1562 587 1852 648 memorari,
1867 600 1985 650 quae
1999 586 2270 635 multorum
2285 585 2438 635 fidem
2455 601 2586 652 anpe
2603 623 2614 632 .

1562 669 1712 710 rant:
1746 669 1800 710 at
1823 661 1865 708 ai
1886 668 1986 709 tam
2009 659 2174 711 facilia
2195 661 2396 709 illarum
2419 675 2607 717 rerum,

1562 750 1710 798 quam
1729 735 1956 798 psittaci,
1966 735 2250 798 asportatio
2259 744 2412 795 eaaet,
2423 743 2524 784 tam
2539 735 2612 785 fa·

1563 809 1663 857 cile
1685 809 1830 858 firma
1846 810 1913 858 ab
1925 809 2157 858 omnibaa
2176 811 2506 872 persuasione
2530 825 2610 861 re-

1560 885 2032 949 ciperentur,qnam
2050 899 2130 948 ea,
2147 900 2261 949 qun
2293 886 2360 934 de
2386 889 2608 948 psittaco

1557 959 1752 1021 scripta
1766 966 1902 1020 aunt,
1917 959 2271 1022 recipiuntur!
2304 960 2388 1008 De
2403 960 2478 1008 bia
2502 961 2610 1008 avi·

1560 1033 1656 1082 bna
1677 1033 1891 1095 accipio,
1911 1033 2048 1096 quod
2065 1035 2080 1060 ⁴
2096 1033 2232 1096 apud
2245 1035 2402 1083 Indos
2425 1049 2512 1083 eaa
2537 1035 2606 1082 vi·

1561 1108 1690 1157 dena
1715 1107 2026 1167 Alexander,
2061 1108 2400 1158 admiratione
2429 1121 2606 1158 earum

1562 1189 1862 1242 commotua‚
1891 1183 1943 1230 in
1966 1196 2052 1232 eoa
2069 1183 2154 1247 qni
2177 1183 2268 1232 baa
2289 1184 2608 1244 occiderent,

1561 1270 1769 1319 gravem
1810 1271 2010 1318 poenam
2046 1259 2351 1308 constituit!
2417 1261 2608 1311 Quam·

1560 1345 1712 1394 qnam
1731 1331 1954 1380 AElianua
1968 1331 2034 1380 de
2047 1331 2186 1380 Hist.
2203 1332 2441 1381 Anim.v.
2463 1335 2543 1380 21.
2565 1331 2608 1380 f.

1564 1407 1844 1470 pavonibus
1863 1407 1912 1454 id
1929 1406 2126 1456 tribuit.
2156 1408 2404 1468 Sericum,
2417 1413 2476 1455 nt
2491 1409 2606 1471 ipae

1560 1481 1748 1530 ibidem
1791 1481 1954 1537 addit,
1975 1482 2081 1544 jam
2105 1489 2226 1530 ante
2258 1481 2607 1531 Alexandrum

1562 1554 1728 1619 (prior
1761 1557 1895 1604 enim
1931 1569 1994 1604 eo
2017 1555 2120 1604 fuit
2142 1555 2431 1618 Antiphon)
2453 1570 2610 1618 pavo·

1562 1643 1656 1678 nea
1680 1629 1894 1678 Athenis
1923 1629 2025 1677 ‘visi
2060 1628 2272 1684 fuerint,
2306 1630 2438 1679 haud
2463 1629 2610 1678 dubi-

1564 1717 1648 1750 um
1671 1711 1770 1758 est,
1805 1704 1930 1766 quin
1968 1703 2283 1760 Alexander,
2319 1705 2398 1753 vel
2420 1704 2472 1752 in
2495 1705 2610 1767 ipaa

1562 1777 1788 1838 Gracia,
1811 1779 1890 1826 vel
1915 1786 2057 1828 certe
2086 1780 2137 1828 in
2170 1778 2292 1828 Asia
2318 1781 2613 1843 priusquam

1560 1852 1611 1899 in
1656 1851 1854 1901 Indiam
1902 1855 2162 1915 transiret,
2197 1868 2316 1903 uvea
2355 1869 2440 1902 eaa
2481 1855 2606 1904 satia

1560 1928 1798 1991 vulgare·
1831 1943 1942 1977 ease
1977 1928 2182 1980 viderit.
2249 1929 2401 1978 Unde
2437 1929 2606 1978 credi-

1556 2003 1720 2052 derim
1757 2003 2030 2066 AElianum,
2063 2020 2178 2069 quie
2215 2004 2350 2068 apud
2375 2011 2606 2054 veterem

1556 2078 1864 2142 scriptorem
1891 2080 1960 2127 ‘de
1979 2080 2158 2128 avibus
2183 2079 2378 2129 Indicia
2401 2091 2607 2143 repere-

1556 2154 1640 2209 rit,
1675 2161 1957 2218 propterea
1988 2154 2125 2220 quod
2163 2169 2191 2203 a
2230 2153 2605 2218 pulchritudine

1557 2243 1644 2276 eaa
1665 2228 2008 2278 commendari
2025 2229 2242 2289 videret,
2261 2229 2604 2276 immemorem

1558 2303 1791 2365 paittacia
1817 2303 1953 2353 idem
1967 2303 2261 2366 convenire,
2286 2303 2516 2366 protinus
2536 2299 2604 2349 de

1556 2377 1841 2438 pavonibus
1890 2379 1963 2428 ait
2015 2379 2402 2442 interpretatus.
2489 2377 2605 2426 Nec

1558 2455 1831 2503 sententie
1849 2468 1930 2503 me
1950 2452 2060 2503 falli
2080 2453 2453 2519 patitur,quem
2466 2463 2604 2502 nnnc

1557 2539 1662 2575 non
1687 2527 1946 2589 recordor,
1982 2536 2132 2578 vetua
2164 2538 2362 2591 auctor,
2391 2528 2478 2593 qui
2501 2535 2606 2577 tra-

1556 2599 1637 2650 dit
1660 2599 2008 2651 Alexandrum
2028 2602 2095 2649 ob
2119 2616 2230 2651 eam
2258 2616 2490 2651 canaaam
2511 2600 2606 2649 ali-

1554 2667 1706 2741 quem
1752 2689 1932 2725 aevere
1969 2676 2246 2740 punivlaae,
2283 2676 2420 2740 quod
2460 2688 2605 2724 avem

1554 2753 1802 2802 humanas
1824 2766 1974 2801 vocet
1995 2751 2280 2801 imitantem
2305 2752 2356 2799 in
2371 2749 2605 2799 convivio

1554 2826 1901 2890 appoauiaaet.
1965 2826 2116 2878 Quod
2172 2825 2378 2890 quidem
2419 2830 2606 2887 postea

1552 2902 1771 2965 AEaopua
1792 2902 2018 2965 tragicus
2039 2899 2177 2964 apud
2202 2900 2426 2950 Plinium
2450 2902 2604 2951 x-5l.

1552 2986 1607 3028 et
1628 2978 1746 3027 val.
1777 2977 1922 3025 Max.
1951 2988 2033 3025 ιι.
2059 2980 2102 3024 1.
2133 2979 2184 3025 2.
2214 2975 2422 3039 impune
2456 2971 2605 3025 fecit.

1552 3051 1794 3115 Apparet
1825 3051 1962 3099 enim
1995 3052 2038 3099 ai
2081 3049 2146 3099 ob
2177 3047 2392 3099 formam
2426 3048 2603 3098 avibus

1552 3125 1864 3191 parcendum
1895 3125 2169 3188 judicavit,
2205 3126 2368 3187 magia
2403 3124 2456 3173 id
2493 3124 2603 3173 fae·

1553 3210 1722 3251 turum
1745 3199 1901 3249 fuisse
1923 3200 1989 3249 ob
2024 3213 2200 3249 vocem
2223 3214 2374 3263 qnam
2397 3200 2602 3247 imitan-

1553 3286 1607 3325 tn
1617 3292 1656 3324 ι·.
1721 3276 2012 3324 psittacum
2034 3274 2242 3337 egregie
2262 3272 2514 3321 describit
2535 3287 2602 3321 ex

1550 3348 1817 3398 Plinio'x.
1853 3352 1935 3397 ⁴2.
1971 3353 2020 3396 2.
2089 3348 2244 3408 Apul.
2281 3348 2334 3394 in
2372 3348 2606 3406 moridie,

1552 3423 1639 3472 ubi
1682 3424 1830 3483 lego:
1871 3424 1888 3448 ⁸
1907 3420 1988 3467 Ad
2036 3420 2356 3479 disciplinam
2395 3420 2604 3469 humani

1552 3495 1799 3544 aer-ionia
1819 3492 2020 3543 facilior
2042 3499 2122 3541 eat
2144 3492 2395 3556 psittacus
2417 3493 2602 3555 glande

1551 3570 1638 3635 qui
1667 3569 1920 3618 reacitur:
1955 3575 2010 3618 et
2032 3568 2182 3631 eujus
2205 3567 2256 3617 in
2281 3568 2522 3632 pedibus,
2541 3576 2603 3619 ut

1550 3644 1781 3699 hominia,
1819 3642 1958 3707 quini
2007 3642 2204 3704 digituli
2251 3648 2613 3693 numerantur.-

1552 3720 1672 3769 Non
1695 3718 1830 3767 enim
1853 3716 2084 3766 omnibus
2107 3717 2340 3779 psittaci·
2365 3715 2418 3766 id
2443 3718 2610 3781 insist:

1550 3809 1617 3843 ne
1633 3810 1649 3855 3
1669 3793 1758 3843 aed
1777 3791 1900 3841 illud
1914 3792 2146 3841 omnibu·
2163 3792 2446 3856 proprium,
2461 3791 2600 3854 qnod

1551 3870 1626 3919 eia
1650 3870 1823 3931 lingua
1846 3868 1995 3917 latior
2017 3881 2169 3930 qnam
2193 3866 2380 3915 ceteris
2401 3865 2599 3915 avibus.

1550 3957 1616 3993 eo
1657 3941 1862 3993 faciliua
1906 3941 2062 3991 verba
2106 3940 2362 3989 hominum
2407 3940 2605 3989 articu-

1550 4016 1762 4067 lantur.’
1825 4016 2020 4079 Vulgo:
2066 4018 2081 4044 ⁸
2100 4016 2311 4077 insigne.
2353 4014 2442 4063 aed
2480 4015 2513 4063 l.
2547 4030 2598 4065 o.

1551 4092 1845 4156 proprium:
1883 4106 1986 4154 quo
2021 4092 2095 4139 eia
2126 4091 2162 4139 l.
2196 4091 2230 4138 l.
2251 4106 2304 4155 q.
2326 4106 2375 4140 c.
2395 4090 2600 4153 avibus,

1552 4184 1616 4221 eo
1632 4167 1691 4217 f.’
1715 4173 1810 4219 ὅτε.
1845 4168 2067 4218 steinah-

1617 4242 1886 4305 Animae]
1920 4244 1996 4291 Ex
2019 4241 2274 4294 inusitatis
2302 4248 2357 4291 et
2373 4242 2600 4310 Europa
