3222 4944
583 390 752 457 1370

583 547 771 610 saepiua
805 545 1035 610 pluribus
1068 546 1122 595 in
1156 545 1283 594 locis
1305 546 1630 609 negandum3

581 636 702 671 nam
720 636 886 687 neque
907 621 996 671 ille
1012 622 1110 671 hoc
1133 622 1358 685 negavit,
1380 634 1568 685 neque,
1587 622 1631 671 si

582 704 839 762 negasset,
871 696 1000 747 fides
1043 696 1116 745 illi
1144 704 1282 747 esset
1325 697 1630 761 adhibenda,

586 776 674 838 qui
714 774 798 823 vel
845 787 946 821 non
986 772 1264 836 diligenter
1305 774 1402 822 boc
1440 774 1629 822 exami-

582 864 733 899 nasse
753 848 1062 911 credendus,
1076 849 1154 897 vel
1174 846 1310 898 forte
1328 862 1427 897 non
1442 848 1630 897 vidisse

581 930 770 988 pacato
805 930 928 973 tunc
959 924 1107 983 mari,
1140 936 1238 972 nec
1267 924 1282 951 ‘
1304 922 1631 971 turbantibus

581 1014 790 1064 aequora
825 998 1026 1062 ventis:
1061 1006 1120 1049 ut
1151 1000 1226 1047 ait
1261 999 1552 1054 Lucretius,
1576 1005 1632 1046 et

581 1075 658 1125 sic
682 1075 820 1123 nulla
845 1086 1131 1135 arenarum,
1161 1082 1216 1122 et
1236 1072 1344 1122 limi
1375 1071 1516 1121 facta
1549 1086 1629 1121 re-

581 1143 864 1211 volutione,
876 1148 1010 1197 unde
1029 1148 1174 1211 aquis
1192 1148 1429 1210 provenit
1451 1146 1629 1196 color.'

581 1222 732 1275 Quod
756 1223 960 1287 quidem
975 1222 1228 1285 judicium
1259 1222 1354 1271 bac
1393 1223 1446 1271 in
1481 1228 1629 1285 parte

581 1296 805 1361 praefero
839 1311 1033 1346 summo
1054 1298 1184 1347 Viro
1223 1298 1504 1359 Brissonio,
1541 1298 1627 1361 qui

578 1380 812 1423 veterum
840 1370 1129 1435 opinionem
1163 1372 1228 1421 de
1259 1373 1482 1435 Erythra
1506 1386 1629 1434 rege

579 1448 732 1497 enixe
757 1454 951 1510 tuetur,
973 1447 1130 1497 verbo
1145 1449 1162 1476 ‘
1178 1447 1358 1511 Mare,'
1382 1448 1448 1496 de
1465 1448 1629 1497 Verb-

579 1522 762 1587 Signif.
848 1523 1099 1573 Cordovoe
1154 1524 1414 1573 consentit
1473 1524 1629 1571 etiam

577 1597 863 1648 Sebindler.
909 1598 960 1647 in
1012 1600 1136 1648 Lex.
1179 1598 1335 1647 Pent.
1376 1611 1504 1645 voce
1548 1608 1629 1657 φῦ

579 1674 900 1736 Quamquam
928 1673 1140 1721 Corsalii
1162 1672 1388 1733 opinioni
1413 1672 1632 1720 accedat

577 1746 796 1809 Popma,
829 1746 1034 1795 Merula
1073 1745 1336 1807 cosmogr.
1355 1749 1461 1795 ι.6.
1493 1745 1628 1794 Bec-

578 1834 808 1876 manuus‚
828 1819 960 1868 Lud.
981 1818 1357 1869 Vertomannus
1375 1820 1560 1881 Navlg.
1588 1834 1629 1869 1.

577 1898 659 1944 21.
691 1894 863 1944 ‘Satis
902 1895 1015 1955 est,’
1049 1893 1234 1958 inquit,
1271 1896 1286 1922 ⁶
1307 1893 1356 1943 in
1392 1894 1627 1944 confesso

578 1969 831 2030 omnibns,
849 1968 984 2031 quod
1008 1967 1204 2017 dictum
1229 1982 1401 2032 equor
1422 1982 1522 2017 non
1545 1976 1629 2019 est

576 2044 806 2104 rubrum,
828 2042 921 2092 sed
953 2042 1115 2091 instar
1151 2043 1338 2105 reliqui
1371 2044 1630 2107 aequoris!

577 2118 744 2183 quue
784 2106 1031 2167 Brodae7us
1075 2118 1293 2168 Miscell.
1327 2131 1418 2168 ιιι.
1461 2124 1511 2169 9.
1559 2119 1626 2168 de

579 2196 751 2245 multis
774 2210 829 2245 se
853 2195 1192 2255 sciscitatum,
1226 2197 1312 2260 qui
1334 2211 1398 2246 ea
1417 2198 1533 2247 loca
1552 2198 1627 2246 vi-

579 2270 785 2334 derant,
801 2286 908 2320 rem
931 2272 1003 2321 ita
1023 2285 1081 2321 se
1102 2272 1293 2321 babere
1315 2274 1627 2336 comperisse

579 2346 727 2395 dicit.
791 2348 862 2395 Et
883 2355 944 2397 ut
965 2346 1242 2410 largiamur
1265 2346 1387 2411 (cur
1409 2347 1544 2396 enim
1574 2347 1626 2396 id

577 2421 925 2471 asserentibus
967 2422 1225 2471 demamus
1271 2421 1423 2469 iidem
1441 2421 1487 2486 ?)
1538 2424 1629 2474 ali-

581 2487 704 2560 quas
745 2497 858 2560 ejus
893 2497 1077 2547 coloris
1111 2497 1334 2546 maculas
1373 2497 1628 2548 interdum

575 2567 646 2622 ibi
667 2573 840 2633 cerni3
874 2587 975 2622 non
1007 2573 1240 2637 seqnitur
1270 2572 1388 2622 ideo
1420 2573 1629 2622 rubrum

575 2647 896 2710 appellatum
917 2647 1098 2711 fuisse,
1115 2662 1214 2696 uon
1238 2647 1401 2709 magis
1423 2662 1574 2709 quam
1599 2662 1631 2697 a

577 2721 826 2770 viridibus
851 2729 942 2770 aut
973 2720 1364 2768 candicantibus
1400 2723 1631 2778 maculis,

577 2811 702 2861 quas
724 2795 912 2844 ibidem
938 2808 1192 2858 apparere
1216 2794 1368 2845 iidem
1391 2795 1491 2859 ipsi
1513 2810 1628 2845 nar-

576 2877 713 2932 rant,
752 2869 1026 2919 candidum
1061 2876 1151 2917 aut
1183 2868 1367 2918 viride.
1435 2870 1626 2919 Verum

576 2945 874 3008 ambagibus
919 2942 1152 2991 omnibns
1191 2943 1421 3006 remotis,
1463 2946 1626 3008 ipsam

575 3033 682 3068 rem
727 3020 976 3068 hactenns
1013 3018 1322 3081 incognitam
1362 3023 1626 3082 aperuisse

575 3095 781 3144 videtur
813 3093 1189 3144 eruditissimus
1227 3094 1459 3145 Futilerus
1498 3098 1625 3146 Mis-

574 3171 690 3220 cell.
709 3171 917 3220 Sacror.
941 3182 1016 3218 rv.
1037 3173 1120 3218 2⁰.
1153 3170 1218 3218 ab
1244 3170 1431 3234 Esauo,
1455 3173 1545 3235 qui
1569 3180 1626 3224 et

575 3246 759 3308 Edom,
791 3245 1109 3308 appellatum
1134 3242 1294 3294 fuisse
1326 3246 1424 3295 boc
1464 3261 1624 3311 mare,

574 3323 662 3386 qu'i
681 3322 962 3384 potentiam
979 3335 1121 3371 suam
1137 3321 1400 3386 bucusque
1417 3331 1627 3386 proten-

573 3396 728 3447 derit.
795 3399 949 3446 Edem
987 3398 1121 3446 enim
1159 3396 1368 3447 Hebraei
1413 3399 1623 3449 rubrum

572 3479 781 3531 vocant,
803 3487 953 3534 quem
976 3471 1153 3520 Greci
1171 3471 1389 3532 ‘Epvopbr
1411 3487 1627 3521 vocave-

574 3545 712 3605 rint;
745 3547 926 3593 eodem
951 3545 1102 3594 modo
1123 3559 1224 3608 quo
1248 3547 1441 3608 Cepha
1462 3547 1629 3611 Petro,

577 3619 801 3668 nomm
843 3618 1053 3680 Didymo
1093 3625 1214 3666 sunt
1256 3619 1624 3683 interpretati:

574 3694 719 3755 Lege
742 3691 879 3754 apud
916 3692 1085 3753 ipsum
1123 3691 1389 3753 prolixam,
1419 3693 1508 3742 sed
1546 3710 1625 3745 re·

571 3767 798 3818 condltae
809 3765 1132 3826 eruditionis,
1143 3767 1478 3832 acerrimique
1484 3770 1625 3832 jndi-

572 3844 641 3893 cii
665 3839 911 3892 refertam
935 3840 1369 3892 dissertationem.
1403 3844 1626 3895 Freinsh-

573 3914 812 3980 Erythra]
836 3912 968 3963 Inde
1003 3913 1328 3977 Erythrarum
1359 3931 1501 3967 mare
1537 3933 1626 3968 vo·

573 3997 738 4052 catur,
754 3989 888 4053 quod
906 3988 1062 4052 vulgo
1081 3987 1312 4052 rubrum,
1327 4006 1478 4055 quam
1502 4008 1623 4044 vere

570 4057 756 4117 auctor
777 4065 947 4128 docet,
966 4067 1391 4127 interpretantur.
1428 4068 1622 4118 Eadem

572 4139 688 4190 fere
707 4155 765 4191 x.
786 4147 835 4191 1.
857 4144 937 4191 1³.
975 4139 1221 4189 Ceterum
1247 4141 1463 4205 Erythra
1487 4146 1622 4209 poti.

572 4227 649 4274 us,
684 4231 833 4280 quam
870 4215 1084 4280 Erythro
1121 4215 1394 4280 legendum
1439 4228 1623 4273 censet

1277 404 1490 453 No'rAE
1539 402 1939 453 vammum
1989 403 2067 452 m

1705 547 1975 596 Salmasius
2014 548 2202 598 Exerc-
2233 543 2375 596 Plin.
2398 560 2451 609 p.
2475 550 2589 596 841.
2624 548 2750 597 edit.

1706 623 1841 672 Uitr.
1868 622 2046 671 Celtar-

1770 700 1881 761 §15
1915 698 2056 761 Lini]
2092 698 2289 746 Plinius
2323 696 2461 746 alind
2496 696 2751 761 quoddam

1705 773 1796 821 lini
1832 787 1992 837 genus
2024 773 2257 822 Indicum
2298 771 2525 835 prodidit
2560 774 2751 835 vivum,

1708 848 1905 897 Grecis
1938 848 2181 905 ἄσβεπον
2212 848 2429 908 dictum,
2460 848 2595 910 quod
2632 847 2751 909 igne

1708 937 1807 971 non
1842 924 2095 985 exuritur,
2128 923 2218 973 sed
2250 922 2564 985 splendescit
2594 921 2753 982 magis

1708 1011 1857 1061 quam
1879 999 1921 1046 si
1944 999 2217 1049 lavaretur.
2279 998 2382 1046 Sed
2414 996 2481 1045 de
2502 998 2599 1047 boc
2622 996 2750 1045 nibil

1704 1074 1887 1137 opinor
1902 1075 2131 1125 Curtius.
2150 1075 2383 1123 nanterus.
2414 1073 2606 1123 Verum
2625 1072 2750 1122 Hie·

1704 1150 1873 1198 rocles
1898 1149 2033 1213 apud
2055 1150 2372 1213 Stephanum
2404 1148 2751 1197 Brachmanae

1702 1224 1821 1273 hinc
1858 1226 2066 1274 amicit:
2114 1225 2248 1288 quod
2290 1221 2570 1275 fabulosum
2602 1229 2749 1285 puto,

1704 1307 1759 1347 et
1794 1301 1963 1362 potius
2008 1301 2163 1349 credo
2202 1298 2393 1355 Plinio,
2436 1298 2747 1347 rarissimum

1701 1373 1915 1423 inventu
1938 1373 1987 1422 id
2014 1375 2101 1422 lini
2126 1387 2285 1437 genus
2303 1387 2432 1422 esse.
2458 1374 2683 1423 Fretum.

1766 1448 1905 1497 Libri
1934 1450 2176 1513 arborum]
2214 1450 2337 1499 Tam
2376 1450 2561 1504 teneri.
2596 1462 2748 1513 quam

1703 1524 1977 1572 tenerrima
2018 1534 2196 1575 nostra
2235 1526 2431 1586 charta,
2476 1523 2575 1573 nisi
2610 1523 2747 1587 qnod

1702 1597 1899 1647 candor
1937 1600 2268 1649 desideretur
2290 1599 2341 1649 in
2372 1599 2469 1660 bis,
2493 1613 2616 1662 quos
2648 1612 2745 1662 ego

1702 1672 1825 1732 vidi,
1860 1673 1952 1720 aed
1987 1673 2183 1721 colores
2217 1674 2377 1720 omnis
2411 1674 2614 1734 generis
2644 1679 2749 1723 tam

1704 1746 1855 1793 avide
1879 1746 2139 1808 accipiunt
2164 1754 2217 1795 et
2241 1745 2446 1807 bibunt,
2474 1760 2624 1809 quam
2650 1747 2752 1795 ulla

1700 1820 1896 1869 charta.
1961 1820 2261 1870 Ostendunt
2277 1820 2375 1869 hoc
2398 1820 2553 1869 etiam
2575 1821 2751 1869 icones

1698 1895 1938 1957 impressi
1959 1903 2014 1946 et
2036 1894 2169 1946 libri.
2218 1894 2321 1943 Sed
2340 1895 2407 1944 de
2424 1895 2634 1959 phylirls
2658 1909 2750 1945 seu

1700 1969 1843 2019 libris
1864 1970 2104 2020 arborum
2126 1970 2447 2033 disputatum
2470 1977 2552 2019 est
2576 1970 2751 2033 copio-

1700 2046 1805 2094 sius
1824 2045 1888 2094 ad
1914 2046 2173 2095 Martialis
2198 2046 2375 2109 Epigr.
2401 2058 2513 2093 xiv.
2536 2049 2615 2094 1⁰.
2650 2046 2751 2094 Ra-

1700 2122 1855 2171 devm.
1922 2121 2155 2171 cortices
2194 2122 2475 2183 tenuiores,
2513 2128 2569 2171 ut
2601 2122 2748 2185 virg.

1700 2196 1895 2259 Georg.
1920 2210 1981 2245 u.
2000 2201 2082 2246 77.
2117 2198 2288 2247 Cella.

1768 2269 1922 2323 Quam
1971 2271 2113 2334 cerae]
2160 2272 2433 2320 Mutat-unt
2467 2272 2574 2333 alii,
2610 2286 2749 2334 quam

1699 2346 1897 2409 chartoe,
1916 2347 2255 2410 incogitantes
2276 2338 2524 2395 homines.
2542 2346 2750 2395 Modiin.

1764 2422 1874 2486 §16
1895 2423 2043 2486 Aves]
2080 2422 2342 2470 Psittacus
2377 2422 2641 2485 intelligit,
2679 2421 2747 2470 de

1700 2497 1883 2561 quibus
1907 2497 1971 2545 ad
1994 2497 2287 2546 Martialem
2321 2509 2443 2546 xxv.
2463 2500 2546 2545 72.
2577 2499 2593 2523 ⁶
2608 2495 2748 2544 Psit-

1702 2577 1843 2620 tacus
1866 2587 1897 2620 a
1912 2571 2057 2621 vobis
2080 2572 2293 2624 aliorum
2316 2573 2521 2620 nomina
2534 2570 2749 2632 discam,

1704 2645 1821 2696 Hoc
1836 2645 1993 2696 didici
2014 2661 2107 2711 per
2122 2662 2200 2700 me
2216 2647 2408 2708 dicere,
2422 2647 2598 2696 Caesar
2616 2644 2749 2694 ave?

1701 2721 1870 2770 Multa
1892 2737 1958 2770 ex
1992 2723 2165 2772 multis
2198 2721 2538 2785 scriptoribus
2575 2721 2748 2770 allata.

1702 2795 1900 2846 Quibus
1916 2795 2093 2858 addes,
2106 2809 2221 2860 que
2239 2796 2449 2860 Ulysses
2464 2797 2749 2845 Aldu-ovan-

1701 2870 1796 2919 dus
1819 2876 1931 2918 toto
1969 2870 2059 2918 lib.
2080 2883 2145 2919 ιι.
2174 2870 2547 2934 Ornitliologiae
2587 2871 2755 2919 tradi-'

1698 2945 1796 3000 dit,
1838 2945 1925 2994 ubi
1968 2943 2157 2994 formas
2200 2945 2431 2995 iconibus
2474 2960 2746 3010 expressas

1699 3020 1950 3085 tredecim
1994 3021 2179 3070 lectori
2214 3020 2523 3085 spectandas
2558 3034 2747 3083 propo-

1698 3096 1811 3157 nit3
1861 3095 2245 3160 quatuordecim
2292 3093 2577 3158 descripsit.
2642 3092 2746 3142 Sed

1698 3170 2133 3234 elegantissimum
2156 3169 2350 3233 adjecit
2373 3170 2587 3219 Carolus
2624 3169 2743 3218 Clu·

1696 3247 1803 3294 sius
1826 3247 1877 3295 in
1910 3245 2159 3296 Auctario
2199 3245 2555 3306 Exoticorum,
2600 3245 2746 3309 cujus

1696 3323 1895 3372 iconem
1919 3322 1991 3372 ibi
2012 3336 2305 3386 expressam
2320 3321 2606 3370 miraberis.
2628 3321 2751 3370 mibi

1696 3398 2007 3462 indigitasse
2030 3398 2175 3446 satis.
2240 3397 2327 3444 De
2348 3396 2514 3444 corvis
2537 3401 2593 3442 et
2614 3395 2745 3457 picis

1700 3473 1901 3532 avibus,
1942 3485 2121 3518 vocum
2160 3481 2362 3532 qnoque
2410 3468 2747 3520 humanarum

1699 3544 2082 3605 imitatricibus,
2135 3544 2291 3591 etiam
2334 3542 2397 3590 ad
2448 3543 2743 3594 Martialem

1698 3618 1909 3670 dictum.
1935 3619 2165 3667 Κακία-ιιι.
2197 3617 2281 3666 De
2298 3617 2475 3666 avibus
2496 3619 2576 3667 his
2593 3618 2747 3670 bodie

1696 3708 1847 3743 nemo
1870 3691 2095 3753 dubitat,
2120 3691 2238 3740 olim
2268 3706 2364 3758 pro
2384 3691 2561 3743 fabula
2583 3694 2634 3743 id
2657 3695 2745 3745 ba-

1698 3768 1889 3818 bitum:
1923 3773 1983 3816 nt
2004 3780 2141 3830 nunc
2163 3766 2283 3824 alia,
2317 3781 2431 3831 qun
2454 3769 2607 3830 vulgo
2642 3783 2743 3819 non

1697 3843 1999 3903 creduntur,
2037 3847 2093 3890 et
2135 3848 2307 3891 tamen
2358 3839 2578 3892 fortasse
2619 3859 2741 3894 vera

1696 3925 1833 3968 sunt.
1873 3917 1937 3966 In
1956 3930 2104 3982 quam
2127 3931 2236 3966 rem
2259 3916 2608 3980 dignajudico
2630 3935 2744 3970 ver-

1696 3993 1763 4042 ba
1784 3993 2052 4057 Stephani,
2073 4007 2190 4057 quas
2214 4005 2281 4041 ex
2304 3989 2607 4054 prefatione
2632 3997 2741 4058 ejus

1695 4070 1748 4118 in
1770 4069 2018 4129 Ctesiam,
2040 4068 2123 4117 bic
2162 4069 2431 4128 tegantur:
2474 4069 2490 4097 ⁸
2508 4069 2739 4119 Fuerunt

1695 4143 1923 4192 nonnulli
1960 4144 2128 4206 prisco
2154 4141 2340 4190 seculo
2373 4142 2621 4205 homines,
2652 4143 2739 4206 qni

1694 4219 1833 4283 quod
1854 4219 1917 4269 de
1941 4218 2161 4281 quadam
2182 4215 2365 4268 Indica
2386 4232 2482 4268 ave
2504 4217 2736 4271 narraba-
