3222 4944
579 377 752 443 1614
1253 392 1640 444 ascensus
1692 393 2126 445 nm‘rnonuu

584 545 842 605 Coesaris
871 565 1006 606 cum
1039 543 1378 606 Alexandro
1409 545 1655 625 Magno.
1743 545 1977 625 Hispali
2020 563 2125 626 per
2156 541 2533 604 Meinardum
2582 541 2789 623 Ungut

581 652 642 702 et
672 642 1034 702 stanislaum
1066 642 1382 704 Polonum.
1416 641 1544 703 Fol.
1630 697 1641 706 .

668 741 825 800 1534
867 739 1093 809 Quinto
1127 741 1344 801 Curcio
1372 740 1542 800 delos
1569 739 1797 800 hecbos
1824 739 1921 800 del
1951 757 2171 818 magno
2202 736 2541 797 Alexandre
2580 754 2685 815 τε]
2712 735 2789 796 de

583 835 973 898 macedonia:
1023 848 1416 900 nuevamente
1444 836 1789 898 tiaduzido:
1846 855 1883 916 y
1914 835 2183 916 suplidos
2213 834 2303 895 los
2332 835 2515 894 libros
2544 852 2663 914 que
2692 831 2793 891 del

581 933 768 993 salton
799 931 876 993 de
915 944 1078 994 otros
1106 945 1366 995 autores.
1459 952 1863 994 unxxxnu.
1946 933 2097 993 Hoec
2140 933 2199 992 in
2232 933 2449 993 fronte.
2535 931 2604 990 In
2628 931 2789 989 fine:

583 1031 740 1110 Aqui
755 1027 900 1090 haze
917 1031 996 1090 fin
1019 1030 1079 1090 la
1098 1030 1366 1112 hystoria
1387 1028 1467 1092 de
1482 1029 1825 1092 Alexandro
1856 1048 2349 1110 magno—segon
2372 1047 2492 1109 que
2517 1026 2577 1087 la
2602 1027 2787 1086 eseri-

495 1139 502 1144 ·
583 1127 680 1188 vio
709 1126 936 1196 Quinto
966 1127 1548 1208 cureio—Impressa
1585 1127 1725 1189 enla
1762 1121 1904 1208 moy?
1929 1125 2108 1187 noble
2139 1145 2176 1206 y
2206 1125 2322 1186 leal
2348 1123 2567 1186 eiudad
2598 1123 2659 1183 d·
2684 1121 2790 1182 Se·

583 1223 727 1284 villa
769 1243 845 1282 en
889 1241 1036 1284 casa
1062 1223 1138 1284 de
1178 1225 1325 1284 Iuan
1375 1225 1753 1304 eremberger
1781 1225 1913 1286 enel
1940 1243 2067 1284 mes
2094 1223 2171 1285 de
2202 1224 2420 1283 Enero.
2505 1221 2683 1278 Anno
2712 1219 2789 1279 de

586 1319 757 1379 Mille
780 1319 1121 1399 quinientos
1149 1339 1184 1382 e
1213 1333 1448 1404 treynta.
1466 1342 1506 1403 y
1533 1320 1789 1402 quadro.
1818 1321 2260 1383 FoL—Auctor
2297 1319 2476 1398 hujus
2506 1315 2794 1377 versionis

584 1427 676 1478 est
706 1417 954 1480 Gabriel
980 1417 1058 1480 de
1085 1419 1453 1480 Castaneda.

671 1515 827 1575 1699
870 1515 1198 1598 lutei-prete
1227 1516 1522 1580 Matthoeo
1549 1515 1835 1577 Ybannez
1862 1515 1939 1576 de
1968 1513 2243 1596 Segovia.
2328 1510 2593 1572 Madriti.
2628 1508 2759 1569 Fol.

1491 1696 1885 1758 GALLICAE.

675 1824 834 1884 1530
875 1823 1099 1893 Quinte
1128 1826 1342 1900 curce,
1396 1825 1907 1906 Historiographe,
1950 1824 2059 1885 des
2102 1823 2321 1886 Gestes
2363 1821 2789 1895 d’Alexandre,

584 1918 874 2078 3:²3&
897 1921 1316 2078 ἕζιΡι-αιιςοίε.
1366 1927 1636 2002 (auctore
1664 1924 2011 2003 anonyme.)
2060 1920 2099 1982 ὸ
2126 1921 2318 1996 Paris,
2344 1939 2455 2000 par
2478 1921 2707 2000 Jaques
2735 1919 2791 1978 le

677 2115 832 2174 1613
876 2115 1100 2184 Quinte
1149 2117 1342 2178 Curce
1391 2117 1603 2178 toul-ne
1650 2103 1725 2178 en
1774 2115 2057 2198 Franoois
2106 2134 2215 2196 par
2266 2115 2400 2176 Nic.
2435 2112 2703 2195 Seguier.
2756 2113 2794 2176 a

591 2209 782 2271 Paris.
815 2213 874 2274 8.

678 2309 834 2369 1614
881 2309 1100 2370 Eadem
1127 2330 1339 2373 recusa
1369 2311 1657 2373 Genevae.
1692 2313 1751 2371 8.
1780 2329 1877 2390 ap.
1908 2309 2066 2371 Petr.
2096 2309 2173 2369 de
2200 2309 2262 2368 la
2290 2309 2560 2369 Roviere.

677 2406 832 2467 1623
875 2407 1096 2477 Quinte
1127 2408 1320 2472 Curce
1350 2408 1560 2470 tourne
1587 2428 1664 2469 en
1694 2408 1977 2487 Franqois
2008 2424 2117 2488 par
2145 2406 2281 2468 Nic.
2332 2405 2602 2487 Seguier.
2685 2405 2793 2466 Se-

587 2503 782 2565 conde
810 2504 1034 2565 edition
1057 2506 1317 2567 enricbie
1339 2507 1831 2567 d'observations.
1861 2503 1899 2564 ὲ
1928 2504 2119 2565 Paris.
2151 2506 2209 2563 8.

680 2602 836 2661 1646
878 2603 1104 2673 Quinte
1149 2602 1342 2665 Curce
1391 2602 1468 2663 de
1513 2603 1574 2663 ln
1609 2602 1705 2663 vie
1753 2592 1819 2662 ei
1862 2602 1971 2662 des
2020 2601 2252 2662 actions
2295 2599 2694 2661 d’Alexandre
2738 2600 2794 2659 le

589 2696 824 2772 Grand,
854 2698 930 2759 de
961 2698 1018 2758 la
1055 2697 1392 2760 traduction
1427 2699 1504 2760 de
1533 2698 1767 2760 Claude
1801 2700 1989 2759 anre
2020 2699 2095 2759 de
2123 2696 2467 2778 Vaugelas3
2510 2716 2654 2756 avec
2701 2696 2790 2755 les

587 2794 1008 2874 Supplements
1051 2794 1128 2855 de
1175 2796 1237 2856 J.
1269 2795 1711 2856 Freinshemius
1759 2816 1861 2855 sur
1891 2796 2113 2865 Quinte
2146 2796 2339 2854 Curce
2380 2792 2635 2853 traduits
2679 2811 2789 2871 par

589 2890 788 2952 Pierre
817 2890 900 2951 du
930 2892 1110 2971 Ryer.
1145 2890 1183 2951 ὲ
1216 2892 1408 2953 Paris.
1435 2893 1848 2971 4.-—Elegans
1878 2891 2091 2964 versio,
2120 2891 2292 2971 enjus
2340 2890 2473 2950 laus
2522 2908 2645 2949 non
2684 2892 2792 2950 ob·

593 2987 772 3047 soluit
797 3007 903 3066 per
928 2998 1018 3048 tot
1048 3007 1338 3048 annorum
1367 2989 1597 3061 seriem,
1625 2999 1688 3048 et
1714 2998 1806 3049 tot
1833 2988 2055 3068 lingum
2084 2988 2463 3048 mutationes.
2515 2985 2793 3064 Repetita

589 3083 728 3144 dein
760 3084 951 3146 Paris.
979 3086 1154 3145 1647.
1182 3089 1242 3147 4.
1269 3087 1444 3147 1653.
1474 3089 1536 3148 4.
1563 3104 1663 3165 ap.
1693 3088 1853 3167 Aug.
1885 3084 2141 3147 Com-be.
2179 3085 2355 3145 1659.
2388 3089 2450 3145 4.
2480 3102 2579 3163 ap.
2604 3082 2789 3144 eund.

595 3182 775 3243 1662.
807 3184 867 3241 8.
908 3184 946 3241 2
974 3180 1118 3244 voll.
1181 3182 1361 3243 1664.
1413 3184 1470 3242 8.
1533 3182 1710 3242 1668.
1760 3186 1820 3245 8.
1885 3183 2194 3245 1680.12.
2240 3180 2449 3243 2voll.
2511 3181 2691 3242 1681.
2730 3182 2789 3239 8.

588 3277 842 3339 Amstel.
878 3277 1056 3337 1665.
1088 3278 1145 3336 8.
1185 3280 1360 3339 1673.
1393 3280 1454 3340 8.
1491 3280 1669 3339 1684.
1688 3281 1761 3351 ,8.
1816 3279 1991 3340 1699.
2024 3281 2083 3339 8.
2139 3280 2315 3338 1700.
2345 3279 2403 3338 8.
2451 3286 2513 3337 et
2536 3276 2789 3358 posthac

589 3374 938 3455 saepissime,
983 3376 1208 3454 passim
1260 3376 1440 3436 etiam
1487 3394 1627 3437 cum
1680 3386 1847 3437 textu
1899 3374 2129 3436 Latine.
2180 3373 2425 3455 Optima
2464 3387 2559 3434 est
2586 3371 2789 3444 editio,

593 3493 730 3552 quae
759 3470 978 3551 prodiit
1011 3472 1188 3532 1668.
1217 3472 1332 3533 hoc
1363 3472 1574 3533 titulo:

676 3570 830 3629 1668
873 3566 1098 3636 Quinte
1144 3568 1338 3630 Curce
1376 3568 1454 3629 de
1504 3568 1562 3629 la
1607 3570 1697 3629 vie
1746 3578 1809 3629 et
1854 3568 1962 3628 des
2013 3566 2245 3627 actions
2295 3564 2697 3627 d’Alexandre
2733 3564 2789 3625 le

587 3663 820 3726 Grand.
865 3665 958 3726 De
986 3663 1042 3725 la
1076 3665 1413 3728 traduction
1442 3665 1519 3727 de
1551 3666 1669 3725 Mt.
1699 3664 1776 3725 de
1814 3662 2137 3743 Vaugelas.
2190 3663 2513 3725 Troisieme
2541 3661 2790 3734 edition,

590 3783 693 3825 sur
720 3782 838 3823 une
865 3762 1140 3824 nouvelle
1164 3764 1336 3845 copie
1352 3762 1430 3823 de
1452 3762 1725 3836 l’auteur,
1752 3762 1854 3842 qui
1880 3780 1917 3821 a
1943 3760 2039 3823 ete
2065 3758 2309 3823 trouvee
2332 3760 2544 3840 depuis
2570 3759 2633 3819 la
2657 3779 2793 3839 pre·

585 3862 764 3923 miore
781 3870 844 3921 et
861 3861 1120 3923 seconde
1142 3862 1511 3941 impression.
1574 3861 1737 3921 Avec
1759 3860 1847 3921 les
1870 3858 2290 3941 supplements
2313 3858 2389 3919 de
2408 3858 2563 3917 Jean
2586 3856 2794 3919 Frein-

590 3959 854 4020 shemius
883 3979 984 4019 sur
1013 3959 1234 4029 Quinte
1263 3958 1478 4033 Cui-ce,
1503 3957 1759 4021 uaduits
1806 3978 1915 4041 par
1938 3958 2039 4021 feu
2070 3959 2189 4019 Mr.
2216 3956 2297 4017 du
2322 3954 2501 4035 Ryer.
2532 3952 2571 4013 ὲ
2601 3952 2791 4025 Paris,

593 4054 735 4117 ebes
767 4056 834 4119 L.
865 4056 1137 4117 Billaine.
1181 4058 1238 4117 8.
