<?xml version="1.0" encoding="UTF-8"?>
<!DOCTYPE html PUBLIC "-//W3C//DTD XHTML 1.0 Transitional//EN"
    "http://www.w3.org/TR/xhtml1/DTD/xhtml1-transitional.dtd">
<html xmlns="http://www.w3.org/1999/xhtml" xml:lang="en" lang="en">
 <head>
  <title>
</title>
<meta http-equiv="Content-Type" content="text/html;charset=utf-8" />
  <meta name='ocr-system' content='tesseract 3.04.00' />
  <meta name='ocr-capabilities' content='ocr_page ocr_carea ocr_par ocr_line ocrx_word'/>
</head>
<body>
  <div class='ocr_page' id='page_1' title='image "./quinticurtiiruf04rufugoog_0018.png"; bbox 0 0 3222 4944; ppageno 0'>
   <div class='ocr_carea' id='block_1_1' title="bbox 600 381 769 448">
    <p class='ocr_par' dir='ltr' id='par_1_1' title="bbox 600 381 769 448">
     <span class='ocr_line' id='line_1_1' title="bbox 600 381 769 448; baseline 0 0"><span class='ocrx_word' id='word_1_1' title='bbox 600 381 769 448; x_wconf 78' lang='lat'><strong>1256</strong></span> 
     </span>
    </p>
   </div>
   <div class='ocr_carea' id='block_1_2' title="bbox 602 531 1708 4306">
    <p class='ocr_par' dir='ltr' id='par_1_2' title="bbox 602 531 1662 675">
     <span class='ocr_line' id='line_1_2' title="bbox 602 531 1662 601; baseline -0.007 -11"><span class='ocrx_word' id='word_1_2' title='bbox 602 542 719 590; x_wconf 80' lang='grc'><strong>217.</strong></span> <span class='ocrx_word' id='word_1_3' title='bbox 749 543 767 569; x_wconf 81' lang='lat'>‘</span> <span class='ocrx_word' id='word_1_4' title='bbox 792 533 1194 601; x_wconf 73' lang='lat' dir='ltr'>Quadrupedem</span> <span class='ocrx_word' id='word_1_5' title='bbox 1230 531 1401 584; x_wconf 87' lang='lat' dir='ltr'><strong>flectit</strong></span> <span class='ocrx_word' id='word_1_6' title='bbox 1434 545 1537 584; x_wconf 83' lang='lat' dir='ltr'><strong>non</strong></span> <span class='ocrx_word' id='word_1_7' title='bbox 1574 547 1662 584; x_wconf 88' lang='lat' dir='ltr'><strong>ce·</strong></span> 
     </span>
     <span class='ocr_line' id='line_1_3' title="bbox 605 609 1401 675; baseline -0.005 -13"><span class='ocrx_word' id='word_1_8' title='bbox 605 613 736 662; x_wconf 84' lang='lat' dir='ltr'><strong>dens</strong></span> <span class='ocrx_word' id='word_1_9' title='bbox 758 611 904 673; x_wconf 77' lang='lat' dir='ltr'><strong>virga</strong></span> <span class='ocrx_word' id='word_1_10' title='bbox 922 610 1148 675; x_wconf 86' lang='lat' dir='ltr'><strong>lupatis.’</strong></span> <span class='ocrx_word' id='word_1_11' title='bbox 1182 609 1401 660; x_wconf 68' lang='lat' dir='ltr'><strong>Freiuslt.</strong></span> 
     </span>
    </p>

    <p class='ocr_par' dir='ltr' id='par_1_3' title="bbox 608 683 1667 1192">
     <span class='ocr_line' id='line_1_4' title="bbox 675 683 1662 751; baseline -0.004 -14"><span class='ocrx_word' id='word_1_12' title='bbox 675 688 703 751; x_wconf 63' lang='grc' dir='ltr'><strong>ξ</strong></span> <span class='ocrx_word' id='word_1_13' title='bbox 740 691 803 736; x_wconf 79' lang='grc'><strong>19</strong></span> <span class='ocrx_word' id='word_1_14' title='bbox 846 686 911 736; x_wconf 84' lang='lat' dir='ltr'><strong>Vi</strong></span> <span class='ocrx_word' id='word_1_15' title='bbox 937 684 1279 747; x_wconf 72' lang='lat' dir='ltr'><strong><em>contineretur]</em></strong></span> <span class='ocrx_word' id='word_1_16' title='bbox 1310 683 1443 734; x_wconf 85' lang='lat' dir='ltr'><strong>Illud</strong></span> <span class='ocrx_word' id='word_1_17' title='bbox 1480 683 1532 732; x_wconf 76' lang='lat' dir='ltr'><strong>vi</strong></span> <span class='ocrx_word' id='word_1_18' title='bbox 1562 683 1662 733; x_wconf 84' lang='lat' dir='ltr'><strong>buc</strong></span> 
     </span>
     <span class='ocr_line' id='line_1_5' title="bbox 608 757 1663 819; baseline -0.009 -5"><span class='ocrx_word' id='word_1_19' title='bbox 608 777 712 814; x_wconf 85' lang='lat' dir='ltr'><strong>non</strong></span> <span class='ocrx_word' id='word_1_20' title='bbox 734 761 801 811; x_wconf 90' lang='lat' dir='ltr'><strong>de</strong></span> <span class='ocrx_word' id='word_1_21' title='bbox 823 775 936 812; x_wconf 86' lang='lat' dir='ltr'><strong>meo</strong></span> <span class='ocrx_word' id='word_1_22' title='bbox 959 762 1208 816; x_wconf 84' lang='lat' dir='ltr'><strong>violenter</strong></span> <span class='ocrx_word' id='word_1_23' title='bbox 1238 759 1439 819; x_wconf 85' lang='lat' dir='ltr'><strong>intrusi,</strong></span> <span class='ocrx_word' id='word_1_24' title='bbox 1472 757 1561 808; x_wconf 88' lang='lat' dir='ltr'><strong>sed</strong></span> <span class='ocrx_word' id='word_1_25' title='bbox 1598 772 1663 806; x_wconf 85' lang='lat' dir='ltr'><strong>ex</strong></span> 
     </span>
     <span class='ocr_line' id='line_1_6' title="bbox 608 833 1664 891; baseline -0.008 -2"><span class='ocrx_word' id='word_1_26' title='bbox 608 839 921 891; x_wconf 72' lang='lat' dir='ltr'><strong>membranis</strong></span> <span class='ocrx_word' id='word_1_27' title='bbox 944 837 1177 887; x_wconf 79' lang='lat' dir='ltr'>modeste</span> <span class='ocrx_word' id='word_1_28' title='bbox 1215 837 1421 884; x_wconf 88' lang='lat' dir='ltr'><strong>inserui.</strong></span> <span class='ocrx_word' id='word_1_29' title='bbox 1452 833 1664 882; x_wconf 74' lang='lat' dir='ltr'><strong>Medius.</strong></span> 
     </span>
     <span class='ocr_line' id='line_1_7' title="bbox 612 908 1666 976; baseline -0.009 -10"><span class='ocrx_word' id='word_1_30' title='bbox 612 912 869 976; x_wconf 69' lang='lat' dir='ltr'><strong>Modesto,</strong></span> <span class='ocrx_word' id='word_1_31' title='bbox 903 913 979 962; x_wconf 87' lang='lat' dir='ltr'><strong>ait</strong></span> <span class='ocrx_word' id='word_1_32' title='bbox 999 911 1226 974; x_wconf 80' lang='lat' dir='ltr'><strong>Medius,</strong></span> <span class='ocrx_word' id='word_1_33' title='bbox 1250 909 1440 960; x_wconf 88' lang='lat' dir='ltr'><strong>inserui</strong></span> <span class='ocrx_word' id='word_1_34' title='bbox 1463 908 1589 958; x_wconf 83' lang='lat' dir='ltr'><strong>illud</strong></span> <span class='ocrx_word' id='word_1_35' title='bbox 1613 908 1666 956; x_wconf 69' lang='lat' dir='ltr'><strong>os·</strong></span> 
     </span>
     <span class='ocr_line' id='line_1_8' title="bbox 612 983 1667 1050; baseline -0.009 -10"><span class='ocrx_word' id='word_1_36' title='bbox 612 1004 679 1040; x_wconf 82' lang='lat' dir='ltr'><strong>ex</strong></span> <span class='ocrx_word' id='word_1_37' title='bbox 700 989 1004 1039; x_wconf 71' lang='lat' dir='ltr'>membranis</span> <span class='ocrx_word' id='word_1_38' title='bbox 1026 1004 1039 1034; x_wconf 87' lang='lat'><em>=</em></span> <span class='ocrx_word' id='word_1_39' title='bbox 1064 993 1346 1050; x_wconf 85' lang='lat' dir='ltr'><strong>utcumque</strong></span> <span class='ocrx_word' id='word_1_40' title='bbox 1366 993 1464 1041; x_wconf 85' lang='lat' dir='ltr'><strong>est,</strong></span> <span class='ocrx_word' id='word_1_41' title='bbox 1492 983 1667 1032; x_wconf 82' lang='lat' dir='ltr'><strong>furcil-</strong></span> 
     </span>
     <span class='ocr_line' id='line_1_9' title="bbox 615 1059 1666 1130; baseline -0.007 -15"><span class='ocrx_word' id='word_1_42' title='bbox 615 1066 681 1115; x_wconf 88' lang='lat' dir='ltr'><strong>lis</strong></span> <span class='ocrx_word' id='word_1_43' title='bbox 712 1081 811 1130; x_wconf 80' lang='lat' dir='ltr'><strong>ego</strong></span> <span class='ocrx_word' id='word_1_44' title='bbox 845 1064 1069 1114; x_wconf 77' lang='lat' dir='ltr'><strong>vicissim</strong></span> <span class='ocrx_word' id='word_1_45' title='bbox 1101 1076 1335 1128; x_wconf 67' lang='lat' dir='ltr'><strong>preceps</strong></span> <span class='ocrx_word' id='word_1_46' title='bbox 1356 1059 1666 1125; x_wconf 87' lang='lat' dir='ltr'><strong>ejiciendum</strong></span> 
     </span>
     <span class='ocr_line' id='line_1_10' title="bbox 616 1141 1031 1192; baseline -0.007 0"><span class='ocrx_word' id='word_1_47' title='bbox 616 1155 822 1192; x_wconf 88' lang='lat' dir='ltr'><strong>censeo.</strong></span> <span class='ocrx_word' id='word_1_48' title='bbox 843 1141 1031 1192; x_wconf 72' lang='lat' dir='ltr'><strong>Acidal-</strong></span> 
     </span>
    </p>

    <p class='ocr_par' dir='ltr' id='par_1_4' title="bbox 615 1213 1679 1870">
     <span class='ocr_line' id='line_1_11' title="bbox 681 1213 1672 1281; baseline -0.006 -15"><span class='ocrx_word' id='word_1_49' title='bbox 681 1219 790 1281; x_wconf 77' lang='lat'><strong>§2⁰</strong></span> <span class='ocrx_word' id='word_1_50' title='bbox 826 1217 949 1266; x_wconf 70' lang='lat' dir='ltr'><strong>eati</strong></span> <span class='ocrx_word' id='word_1_51' title='bbox 966 1214 1310 1280; x_wconf 66' lang='lat' dir='ltr'><strong>intemperiem]</strong></span> <span class='ocrx_word' id='word_1_52' title='bbox 1337 1213 1672 1264; x_wconf 85' lang='lat' dir='ltr'><strong>Colonienses</strong></span> 
     </span>
     <span class='ocr_line' id='line_1_12' title="bbox 616 1291 1672 1353; baseline -0.005 -11"><span class='ocrx_word' id='word_1_53' title='bbox 616 1291 948 1347; x_wconf 71' lang='lat' dir='ltr'><strong>membranae,</strong></span> <span class='ocrx_word' id='word_1_54' title='bbox 1001 1291 1225 1353; x_wconf 72' lang='lat' dir='ltr'><strong>quamdiu</strong></span> <span class='ocrx_word' id='word_1_55' title='bbox 1273 1295 1463 1353; x_wconf 72' lang='lat' dir='ltr'><strong>propter</strong></span> <span class='ocrx_word' id='word_1_56' title='bbox 1497 1293 1672 1351; x_wconf 74' lang='lat' dir='ltr'><strong>tempe-</strong></span> 
     </span>
     <span class='ocr_line' id='line_1_13' title="bbox 615 1363 1673 1431; baseline -0.006 -15"><span class='ocrx_word' id='word_1_57' title='bbox 615 1366 756 1429; x_wconf 78' lang='lat' dir='ltr'><strong>riem,</strong></span> <span class='ocrx_word' id='word_1_58' title='bbox 776 1365 974 1416; x_wconf 82' lang='lat' dir='ltr'><strong>omissis</strong></span> <span class='ocrx_word' id='word_1_59' title='bbox 996 1380 1112 1431; x_wconf 69' lang='lat' dir='ltr'><strong>quae</strong></span> <span class='ocrx_word' id='word_1_60' title='bbox 1146 1365 1529 1429; x_wconf 84' lang='lat' dir='ltr'><strong>interjiciuntur</strong></span> <span class='ocrx_word' id='word_1_61' title='bbox 1563 1363 1673 1412; x_wconf 81' lang='lat' dir='ltr'><strong>vul·</strong></span> 
     </span>
     <span class='ocr_line' id='line_1_14' title="bbox 621 1440 1673 1504; baseline -0.001 -13"><span class='ocrx_word' id='word_1_62' title='bbox 621 1455 708 1504; x_wconf 71' lang='lat' dir='ltr'><strong>go,</strong></span> <span class='ocrx_word' id='word_1_63' title='bbox 726 1441 817 1492; x_wconf 85' lang='lat' dir='ltr'><strong>sed</strong></span> <span class='ocrx_word' id='word_1_64' title='bbox 844 1455 1024 1504; x_wconf 85' lang='lat' dir='ltr'><strong>parurn</strong></span> <span class='ocrx_word' id='word_1_65' title='bbox 1054 1447 1218 1492; x_wconf 79' lang='lat' dir='ltr'><strong>recte.</strong></span> <span class='ocrx_word' id='word_1_66' title='bbox 1250 1441 1462 1490; x_wconf 75' lang='lat' dir='ltr'><strong>Medius.</strong></span> <span class='ocrx_word' id='word_1_67' title='bbox 1516 1440 1673 1503; x_wconf 78' lang='lat' dir='ltr'><strong>Prop-</strong></span> 
     </span>
     <span class='ocr_line' id='line_1_15' title="bbox 619 1517 1676 1582; baseline 0.001 -17"><span class='ocrx_word' id='word_1_68' title='bbox 619 1521 695 1566; x_wconf 63' lang='grc' dir='ltr'>εει·</span> <span class='ocrx_word' id='word_1_69' title='bbox 714 1517 819 1566; x_wconf 78' lang='lat' dir='ltr'><strong>eoels&#39;</strong></span> <span class='ocrx_word' id='word_1_70' title='bbox 856 1517 1197 1582; x_wconf 72' lang='lat' dir='ltr'><strong>intemperiem]</strong></span> <span class='ocrx_word' id='word_1_71' title='bbox 1228 1519 1364 1570; x_wconf 80' lang='lat' dir='ltr'><strong>Quia</strong></span> <span class='ocrx_word' id='word_1_72' title='bbox 1396 1517 1570 1568; x_wconf 86' lang='lat' dir='ltr'><strong>mitius</strong></span> <span class='ocrx_word' id='word_1_73' title='bbox 1607 1533 1676 1568; x_wconf 80' lang='lat' dir='ltr'><strong>ex</strong></span> 
     </span>
     <span class='ocr_line' id='line_1_16' title="bbox 620 1593 1675 1658; baseline 0.001 -16"><span class='ocrx_word' id='word_1_74' title='bbox 620 1593 841 1643; x_wconf 86' lang='lat' dir='ltr'><strong>Perside</strong></span> <span class='ocrx_word' id='word_1_75' title='bbox 874 1600 931 1643; x_wconf 90' lang='lat' dir='ltr'><strong>et</strong></span> <span class='ocrx_word' id='word_1_76' title='bbox 963 1595 1144 1644; x_wconf 81' lang='lat' dir='ltr'><strong>vicinis</strong></span> <span class='ocrx_word' id='word_1_77' title='bbox 1176 1594 1468 1658; x_wconf 75' lang='lat' dir='ltr'><strong>regionibns</strong></span> <span class='ocrx_word' id='word_1_78' title='bbox 1500 1595 1552 1642; x_wconf 89' lang='lat' dir='ltr'><strong>in</strong></span> <span class='ocrx_word' id='word_1_79' title='bbox 1584 1594 1675 1643; x_wconf 77' lang='lat' dir='ltr'><strong>In·</strong></span> 
     </span>
     <span class='ocr_line' id='line_1_17' title="bbox 624 1667 1677 1733; baseline 0 -15"><span class='ocrx_word' id='word_1_80' title='bbox 624 1667 759 1720; x_wconf 88' lang='lat' dir='ltr'><strong>diam</strong></span> <span class='ocrx_word' id='word_1_81' title='bbox 794 1669 899 1718; x_wconf 89' lang='lat' dir='ltr'><strong>iter</strong></span> <span class='ocrx_word' id='word_1_82' title='bbox 932 1677 1033 1730; x_wconf 85' lang='lat' dir='ltr'><strong>est,</strong></span> <span class='ocrx_word' id='word_1_83' title='bbox 1060 1683 1212 1733; x_wconf 88' lang='lat' dir='ltr'><strong>quam</strong></span> <span class='ocrx_word' id='word_1_84' title='bbox 1251 1669 1303 1717; x_wconf 86' lang='lat' dir='ltr'><strong>in</strong></span> <span class='ocrx_word' id='word_1_85' title='bbox 1342 1669 1677 1718; x_wconf 71' lang='lat' dir='ltr'><strong>Bactrianam</strong></span> 
     </span>
     <span class='ocr_line' id='line_1_18' title="bbox 622 1744 1679 1810; baseline 0.003 -17"><span class='ocrx_word' id='word_1_86' title='bbox 622 1759 721 1808; x_wconf 85' lang='lat' dir='ltr'><strong>per</strong></span> <span class='ocrx_word' id='word_1_87' title='bbox 752 1744 898 1794; x_wconf 80' lang='lat' dir='ltr'><strong>nives</strong></span> <span class='ocrx_word' id='word_1_88' title='bbox 935 1744 1407 1810; x_wconf 67' lang='lat' dir='ltr'><strong>Parapamisisive</strong></span> <span class='ocrx_word' id='word_1_89' title='bbox 1443 1746 1679 1796; x_wconf 88' lang='lat' dir='ltr'><strong>Caucasi.</strong></span> 
     </span>
     <span class='ocr_line' id='line_1_19' title="bbox 627 1819 1519 1870; baseline 0 -2"><span class='ocrx_word' id='word_1_90' title='bbox 627 1819 805 1870; x_wconf 61' lang='grc' dir='ltr'><strong>(ἔκηαν.</strong></span> <span class='ocrx_word' id='word_1_91' title='bbox 1508 1857 1519 1868; x_wconf 93' lang='grc'><strong>.</strong></span> 
     </span>
    </p>

    <p class='ocr_par' dir='ltr' id='par_1_5' title="bbox 627 1895 1703 3836">
     <span class='ocr_line' id='line_1_20' title="bbox 682 1895 1680 1962; baseline 0.003 -18"><span class='ocrx_word' id='word_1_92' title='bbox 682 1895 720 1956; x_wconf 77' lang='lat'><strong>-§</strong></span> <span class='ocrx_word' id='word_1_93' title='bbox 742 1899 805 1944; x_wconf 87' lang='grc'><strong>21</strong></span> <span class='ocrx_word' id='word_1_94' title='bbox 832 1895 1098 1960; x_wconf 73' lang='lat' dir='ltr'><strong>clientum]</strong></span> <span class='ocrx_word' id='word_1_95' title='bbox 1131 1895 1205 1946; x_wconf 86' lang='lat' dir='ltr'><strong>Hi</strong></span> <span class='ocrx_word' id='word_1_96' title='bbox 1243 1901 1413 1958; x_wconf 87' lang='lat' dir='ltr'><strong>erant,</strong></span> <span class='ocrx_word' id='word_1_97' title='bbox 1444 1897 1531 1962; x_wconf 84' lang='lat' dir='ltr'><strong>qui</strong></span> <span class='ocrx_word' id='word_1_98' title='bbox 1560 1911 1680 1961; x_wconf 88' lang='lat' dir='ltr'><strong>pro-</strong></span> 
     </span>
     <span class='ocr_line' id='line_1_21' title="bbox 628 1970 1681 2037; baseline 0.003 -17"><span class='ocrx_word' id='word_1_99' title='bbox 628 1970 743 2034; x_wconf 82' lang='lat' dir='ltr'><strong>pius</strong></span> <span class='ocrx_word' id='word_1_100' title='bbox 764 1971 1094 2035; x_wconf 72' lang='lat' dir='ltr'><strong>magnatibus</strong></span> <span class='ocrx_word' id='word_1_101' title='bbox 1110 1971 1360 2034; x_wconf 78' lang='lat' dir='ltr'><strong>devincti,</strong></span> <span class='ocrx_word' id='word_1_102' title='bbox 1383 1987 1565 2037; x_wconf 79' lang='lat' dir='ltr'><strong>magua</strong></span> <span class='ocrx_word' id='word_1_103' title='bbox 1588 1973 1681 2023; x_wconf 86' lang='lat' dir='ltr'><strong>be-</strong></span> 
     </span>
     <span class='ocr_line' id='line_1_22' title="bbox 627 2044 1680 2112; baseline 0.004 -18"><span class='ocrx_word' id='word_1_104' title='bbox 627 2045 814 2095; x_wconf 80' lang='lat' dir='ltr'><strong>neficia</strong></span> <span class='ocrx_word' id='word_1_105' title='bbox 836 2044 947 2096; x_wconf 77' lang='lat' dir='ltr'><strong>fere</strong></span> <span class='ocrx_word' id='word_1_106' title='bbox 970 2057 1228 2111; x_wconf 86' lang='lat' dir='ltr'><strong>perpetua</strong></span> <span class='ocrx_word' id='word_1_107' title='bbox 1248 2046 1353 2098; x_wconf 81' lang='lat' dir='ltr'><strong>fide</strong></span> <span class='ocrx_word' id='word_1_108' title='bbox 1375 2048 1680 2112; x_wconf 75' lang='lat' dir='ltr'><strong>pensabant,</strong></span> 
     </span>
     <span class='ocr_line' id='line_1_23' title="bbox 627 2120 1679 2186; baseline 0.004 -18"><span class='ocrx_word' id='word_1_109' title='bbox 627 2133 697 2169; x_wconf 88' lang='lat' dir='ltr'><strong>ne</strong></span> <span class='ocrx_word' id='word_1_110' title='bbox 720 2120 771 2167; x_wconf 90' lang='lat' dir='ltr'><strong>in</strong></span> <span class='ocrx_word' id='word_1_111' title='bbox 796 2121 1041 2170; x_wconf 77' lang='lat' dir='ltr'><strong>extremis</strong></span> <span class='ocrx_word' id='word_1_112' title='bbox 1060 2121 1271 2186; x_wconf 87' lang='lat' dir='ltr'><strong>quidem</strong></span> <span class='ocrx_word' id='word_1_113' title='bbox 1294 2130 1541 2185; x_wconf 82' lang='lat' dir='ltr'><strong>patronos</strong></span> <span class='ocrx_word' id='word_1_114' title='bbox 1560 2136 1679 2172; x_wconf 88' lang='lat' dir='ltr'><strong>suos</strong></span> 
     </span>
     <span class='ocr_line' id='line_1_24' title="bbox 628 2195 1681 2262; baseline 0.004 -18"><span class='ocrx_word' id='word_1_115' title='bbox 628 2195 948 2256; x_wconf 78' lang='lat' dir='ltr'><strong>deserentes.</strong></span> <span class='ocrx_word' id='word_1_116' title='bbox 982 2199 1119 2262; x_wconf 74' lang='lat' dir='ltr'><strong>Ergo</strong></span> <span class='ocrx_word' id='word_1_117' title='bbox 1136 2198 1255 2246; x_wconf 89' lang='lat' dir='ltr'><strong>olim</strong></span> <span class='ocrx_word' id='word_1_118' title='bbox 1272 2205 1445 2247; x_wconf 84' lang='lat' dir='ltr'><strong>stante</strong></span> <span class='ocrx_word' id='word_1_119' title='bbox 1462 2213 1518 2248; x_wconf 89' lang='lat' dir='ltr'><strong>re</strong></span> <span class='ocrx_word' id='word_1_120' title='bbox 1532 2198 1681 2249; x_wconf 84' lang='lat' dir='ltr'><strong>Rom.</strong></span> 
     </span>
     <span class='ocr_line' id='line_1_25' title="bbox 628 2271 1681 2338; baseline 0.002 -18"><span class='ocrx_word' id='word_1_121' title='bbox 628 2271 648 2302; x_wconf 74' lang='lat'>⁸</span> <span class='ocrx_word' id='word_1_122' title='bbox 672 2279 733 2322; x_wconf 86' lang='lat' dir='ltr'><strong>ut</strong></span> <span class='ocrx_word' id='word_1_123' title='bbox 772 2273 993 2338; x_wconf 83' lang='lat' dir='ltr'><strong>quisque</strong></span> <span class='ocrx_word' id='word_1_124' title='bbox 1034 2273 1237 2336; x_wconf 83' lang='lat' dir='ltr'><strong>opibus,</strong></span> <span class='ocrx_word' id='word_1_125' title='bbox 1280 2274 1450 2334; x_wconf 83' lang='lat' dir='ltr'><strong>domo,</strong></span> <span class='ocrx_word' id='word_1_126' title='bbox 1498 2279 1681 2337; x_wconf 81' lang='lat' dir='ltr'><strong>paratu</strong></span> 
     </span>
     <span class='ocr_line' id='line_1_26' title="bbox 629 2348 1685 2412; baseline 0.001 -15"><span class='ocrx_word' id='word_1_127' title='bbox 629 2349 915 2411; x_wconf 85' lang='lat' dir='ltr'><strong>speciosus,</strong></span> <span class='ocrx_word' id='word_1_128' title='bbox 956 2362 1049 2412; x_wconf 90' lang='lat' dir='ltr'><strong>per</strong></span> <span class='ocrx_word' id='word_1_129' title='bbox 1092 2362 1279 2397; x_wconf 89' lang='lat' dir='ltr'><strong>nomen</strong></span> <span class='ocrx_word' id='word_1_130' title='bbox 1327 2356 1383 2398; x_wconf 90' lang='lat' dir='ltr'><strong>et</strong></span> <span class='ocrx_word' id='word_1_131' title='bbox 1416 2348 1685 2399; x_wconf 77' lang='lat' dir='ltr'><strong>clientelas</strong></span> 
     </span>
     <span class='ocr_line' id='line_1_27' title="bbox 629 2423 1684 2478; baseline 0.005 -6"><span class='ocrx_word' id='word_1_132' title='bbox 629 2424 875 2475; x_wconf 76' lang='lat' dir='ltr'><strong>illustrior</strong></span> <span class='ocrx_word' id='word_1_133' title='bbox 896 2423 1222 2475; x_wconf 68' lang='lat' dir='ltr'><strong>habebatur!</strong></span> <span class='ocrx_word' id='word_1_134' title='bbox 1284 2424 1449 2475; x_wconf 79' lang='lat' dir='ltr'><strong>Tacit.</strong></span> <span class='ocrx_word' id='word_1_135' title='bbox 1492 2438 1577 2478; x_wconf 85' lang='grc' dir='ltr'>ιιι.</span> <span class='ocrx_word' id='word_1_136' title='bbox 1600 2430 1684 2477; x_wconf 76' lang='lat'><strong>5⁵.</strong></span> 
     </span>
     <span class='ocr_line' id='line_1_28' title="bbox 630 2500 1682 2563; baseline 0 -14"><span class='ocrx_word' id='word_1_137' title='bbox 630 2504 682 2549; x_wconf 87' lang='grc'><strong>2.</strong></span> <span class='ocrx_word' id='word_1_138' title='bbox 716 2502 861 2563; x_wconf 87' lang='lat' dir='ltr'><strong>proin</strong></span> <span class='ocrx_word' id='word_1_139' title='bbox 894 2500 1033 2563; x_wconf 85' lang='lat' dir='ltr'><strong>apud</strong></span> <span class='ocrx_word' id='word_1_140' title='bbox 1075 2500 1308 2549; x_wconf 87' lang='lat' dir='ltr'><strong>eumdem</strong></span> <span class='ocrx_word' id='word_1_141' title='bbox 1347 2513 1474 2549; x_wconf 82' lang='lat' dir='ltr'><strong>xm.</strong></span> <span class='ocrx_word' id='word_1_142' title='bbox 1508 2504 1589 2549; x_wconf 77' lang='grc'><strong>37.</strong></span> <span class='ocrx_word' id='word_1_143' title='bbox 1634 2506 1682 2549; x_wconf 85' lang='lat'><strong>1.</strong></span> 
     </span>
     <span class='ocr_line' id='line_1_29' title="bbox 632 2574 1684 2637; baseline 0 -14"><span class='ocrx_word' id='word_1_144' title='bbox 632 2575 851 2624; x_wconf 79' lang='lat' dir='ltr'><strong>maxima</strong></span> <span class='ocrx_word' id='word_1_145' title='bbox 870 2574 1111 2625; x_wconf 87' lang='lat' dir='ltr'><strong>Tiridatis</strong></span> <span class='ocrx_word' id='word_1_146' title='bbox 1132 2584 1245 2625; x_wconf 86' lang='lat' dir='ltr'><strong>erat</strong></span> <span class='ocrx_word' id='word_1_147' title='bbox 1264 2575 1339 2624; x_wconf 80' lang='lat' dir='ltr'><strong>vis</strong></span> <span class='ocrx_word' id='word_1_148' title='bbox 1356 2575 1409 2623; x_wconf 90' lang='lat' dir='ltr'><strong>in</strong></span> <span class='ocrx_word' id='word_1_149' title='bbox 1431 2577 1447 2603; x_wconf 70' lang='lat'>⁸</span> <span class='ocrx_word' id='word_1_150' title='bbox 1460 2574 1684 2637; x_wconf 88' lang='lat' dir='ltr'><strong>propriis</strong></span> 
     </span>
     <span class='ocr_line' id='line_1_30' title="bbox 632 2649 1689 2712; baseline -0.002 -12"><span class='ocrx_word' id='word_1_151' title='bbox 632 2650 926 2701; x_wconf 86' lang='lat' dir='ltr'><strong>clientelis.’</strong></span> <span class='ocrx_word' id='word_1_152' title='bbox 992 2652 1062 2701; x_wconf 86' lang='lat' dir='ltr'><strong>Et</strong></span> <span class='ocrx_word' id='word_1_153' title='bbox 1080 2650 1318 2712; x_wconf 86' lang='lat' dir='ltr'><strong>Pompeii</strong></span> <span class='ocrx_word' id='word_1_154' title='bbox 1333 2649 1441 2699; x_wconf 80' lang='lat' dir='ltr'><strong>tillo</strong></span> <span class='ocrx_word' id='word_1_155' title='bbox 1459 2649 1689 2711; x_wconf 79' lang='lat' dir='ltr'><strong>graviter</strong></span> 
     </span>
     <span class='ocr_line' id='line_1_31' title="bbox 634 2722 1690 2786; baseline -0.002 -11"><span class='ocrx_word' id='word_1_156' title='bbox 634 2728 862 2777; x_wconf 85' lang='lat' dir='ltr'><strong>inculcat</strong></span> <span class='ocrx_word' id='word_1_157' title='bbox 885 2727 901 2754; x_wconf 86' lang='lat'>‘</span> <span class='ocrx_word' id='word_1_158' title='bbox 919 2722 1217 2774; x_wconf 86' lang='lat' dir='ltr'><strong>clientelas&#39;</strong></span> <span class='ocrx_word' id='word_1_159' title='bbox 1250 2738 1281 2771; x_wconf 88' lang='lat' dir='ltr'><strong>a</strong></span> <span class='ocrx_word' id='word_1_160' title='bbox 1303 2730 1455 2786; x_wconf 85' lang='lat' dir='ltr'><strong>patre</strong></span> <span class='ocrx_word' id='word_1_161' title='bbox 1480 2724 1690 2773; x_wconf 85' lang='lat' dir='ltr'><strong>relictas</strong></span> 
     </span>
     <span class='ocr_line' id='line_1_32' title="bbox 636 2798 1690 2863; baseline 0 -12"><span class='ocrx_word' id='word_1_162' title='bbox 636 2804 771 2852; x_wconf 87' lang='lat' dir='ltr'><strong>Cato</strong></span> <span class='ocrx_word' id='word_1_163' title='bbox 790 2800 926 2863; x_wconf 79' lang='lat' dir='ltr'><strong>apud</strong></span> <span class='ocrx_word' id='word_1_164' title='bbox 950 2798 1177 2848; x_wconf 82' lang='lat' dir='ltr'><strong>Hirtium</strong></span> <span class='ocrx_word' id='word_1_165' title='bbox 1194 2798 1262 2847; x_wconf 88' lang='lat' dir='ltr'><strong>de</strong></span> <span class='ocrx_word' id='word_1_166' title='bbox 1282 2800 1417 2849; x_wconf 83' lang='lat' dir='ltr'><strong>Bell.</strong></span> <span class='ocrx_word' id='word_1_167' title='bbox 1432 2798 1547 2848; x_wconf 83' lang='lat' dir='ltr'><strong>Afr.</strong></span> <span class='ocrx_word' id='word_1_168' title='bbox 1571 2814 1690 2863; x_wconf 86' lang='lat' dir='ltr'><strong>cap.</strong></span> 
     </span>
     <span class='ocr_line' id='line_1_33' title="bbox 638 2874 1694 2938; baseline -0.003 -12"><span class='ocrx_word' id='word_1_169' title='bbox 638 2882 721 2926; x_wconf 90' lang='grc'><strong>22.</strong></span> <span class='ocrx_word' id='word_1_170' title='bbox 792 2876 932 2925; x_wconf 80' lang='lat' dir='ltr'><strong>Nihil</strong></span> <span class='ocrx_word' id='word_1_171' title='bbox 972 2888 1097 2938; x_wconf 73' lang='lat' dir='ltr'><strong>ergo</strong></span> <span class='ocrx_word' id='word_1_172' title='bbox 1142 2874 1342 2929; x_wconf 85' lang='lat' dir='ltr'><strong>mirum,</strong></span> <span class='ocrx_word' id='word_1_173' title='bbox 1379 2875 1423 2923; x_wconf 85' lang='lat' dir='ltr'><strong>si</strong></span> <span class='ocrx_word' id='word_1_174' title='bbox 1467 2874 1694 2924; x_wconf 85' lang='lat' dir='ltr'><strong>vicissim</strong></span> 
     </span>
     <span class='ocr_line' id='line_1_34' title="bbox 641 2948 1698 3017; baseline 0.001 -18"><span class='ocrx_word' id='word_1_175' title='bbox 641 2966 735 3017; x_wconf 90' lang='lat' dir='ltr'><strong>pro</strong></span> <span class='ocrx_word' id='word_1_176' title='bbox 757 2950 882 3013; x_wconf 85' lang='lat' dir='ltr'><strong>ipsis</strong></span> <span class='ocrx_word' id='word_1_177' title='bbox 916 2962 1121 2999; x_wconf 86' lang='lat' dir='ltr'><strong>omnem</strong></span> <span class='ocrx_word' id='word_1_178' title='bbox 1158 2948 1382 3013; x_wconf 76' lang='lat' dir='ltr'><strong>lapidem</strong></span> <span class='ocrx_word' id='word_1_179' title='bbox 1418 2949 1698 3000; x_wconf 82' lang='lat' dir='ltr'><strong>movebant</strong></span> 
     </span>
     <span class='ocr_line' id='line_1_35' title="bbox 640 3027 1698 3094; baseline -0.001 -16"><span class='ocrx_word' id='word_1_180' title='bbox 640 3028 866 3094; x_wconf 88' lang='lat' dir='ltr'><strong>patroni,</strong></span> <span class='ocrx_word' id='word_1_181' title='bbox 924 3027 1113 3077; x_wconf 82' lang='lat' dir='ltr'><strong>illustri</strong></span> <span class='ocrx_word' id='word_1_182' title='bbox 1170 3027 1387 3077; x_wconf 77' lang='lat' dir='ltr'><strong>Caesaris</strong></span> <span class='ocrx_word' id='word_1_183' title='bbox 1442 3028 1698 3091; x_wconf 85' lang='lat' dir='ltr'><strong>exemplo,</strong></span> 
     </span>
     <span class='ocr_line' id='line_1_36' title="bbox 648 3102 1696 3170; baseline -0.001 -15"><span class='ocrx_word' id='word_1_184' title='bbox 648 3118 803 3170; x_wconf 84' lang='lat' dir='ltr'><strong>quem</strong></span> <span class='ocrx_word' id='word_1_185' title='bbox 826 3104 901 3153; x_wconf 86' lang='lat' dir='ltr'><strong>ita</strong></span> <span class='ocrx_word' id='word_1_186' title='bbox 921 3103 989 3153; x_wconf 88' lang='lat' dir='ltr'><strong>de</strong></span> <span class='ocrx_word' id='word_1_187' title='bbox 1012 3116 1071 3153; x_wconf 82' lang='lat' dir='ltr'><strong>se</strong></span> <span class='ocrx_word' id='word_1_188' title='bbox 1102 3102 1295 3153; x_wconf 82' lang='lat' dir='ltr'><strong>dixisse</strong></span> <span class='ocrx_word' id='word_1_189' title='bbox 1320 3117 1385 3151; x_wconf 83' lang='lat' dir='ltr'><strong>ex</strong></span> <span class='ocrx_word' id='word_1_190' title='bbox 1408 3102 1618 3167; x_wconf 73' lang='lat' dir='ltr'><strong>Agellio</strong></span> <span class='ocrx_word' id='word_1_191' title='bbox 1641 3118 1696 3154; x_wconf 80' lang='lat' dir='ltr'><strong>v.</strong></span> 
     </span>
     <span class='ocr_line' id='line_1_37' title="bbox 642 3178 1696 3244; baseline 0 -15"><span class='ocrx_word' id='word_1_192' title='bbox 642 3182 722 3230; x_wconf 73' lang='lat'><strong>1³.</strong></span> <span class='ocrx_word' id='word_1_193' title='bbox 778 3179 1120 3243; x_wconf 69' lang='lat' dir='ltr'><strong>comperimus</strong></span> <span class='ocrx_word' id='word_1_194' title='bbox 1147 3195 1163 3229; x_wconf 70' lang='grc' dir='ltr'><em>ε</em></span> <span class='ocrx_word' id='word_1_195' title='bbox 1220 3186 1233 3207; x_wconf 80' lang='lat'><strong>⁴</strong></span> <span class='ocrx_word' id='word_1_196' title='bbox 1258 3193 1426 3244; x_wconf 87' lang='lat' dir='ltr'><strong>neque</strong></span> <span class='ocrx_word' id='word_1_197' title='bbox 1479 3178 1696 3229; x_wconf 89' lang='lat' dir='ltr'><strong>clientes</strong></span> 
     </span>
     <span class='ocr_line' id='line_1_38' title="bbox 641 3253 1699 3318; baseline -0.001 -13"><span class='ocrx_word' id='word_1_198' title='bbox 641 3256 753 3305; x_wconf 87' lang='lat' dir='ltr'><strong>sine</strong></span> <span class='ocrx_word' id='word_1_199' title='bbox 792 3268 990 3304; x_wconf 87' lang='lat' dir='ltr'><strong>summa</strong></span> <span class='ocrx_word' id='word_1_200' title='bbox 1024 3253 1241 3305; x_wconf 82' lang='lat' dir='ltr'><strong>infamia</strong></span> <span class='ocrx_word' id='word_1_201' title='bbox 1270 3253 1441 3304; x_wconf 82' lang='lat' dir='ltr'><strong>deseri</strong></span> <span class='ocrx_word' id='word_1_202' title='bbox 1466 3262 1699 3318; x_wconf 85' lang='lat' dir='ltr'><strong>possunt,</strong></span> 
     </span>
     <span class='ocr_line' id='line_1_39' title="bbox 643 3328 1700 3396; baseline 0 -16"><span class='ocrx_word' id='word_1_203' title='bbox 643 3329 829 3396; x_wconf 88' lang='lat' dir='ltr'><strong>quibus</strong></span> <span class='ocrx_word' id='word_1_204' title='bbox 870 3330 1029 3380; x_wconf 85' lang='lat' dir='ltr'><strong>etiam</strong></span> <span class='ocrx_word' id='word_1_205' title='bbox 1079 3343 1109 3377; x_wconf 90' lang='lat' dir='ltr'><strong>a</strong></span> <span class='ocrx_word' id='word_1_206' title='bbox 1152 3328 1455 3393; x_wconf 72' lang='lat' dir='ltr'><strong>propinquis</strong></span> <span class='ocrx_word' id='word_1_207' title='bbox 1511 3330 1700 3380; x_wconf 83' lang='lat' dir='ltr'><strong>nostris</strong></span> 
     </span>
     <span class='ocr_line' id='line_1_40' title="bbox 639 3405 1696 3472; baseline -0.002 -14"><span class='ocrx_word' id='word_1_208' title='bbox 639 3422 793 3472; x_wconf 84' lang='lat' dir='ltr'><strong>opem</strong></span> <span class='ocrx_word' id='word_1_209' title='bbox 816 3405 1311 3458; x_wconf 83' lang='lat' dir='ltr'><strong>ferreinstituimus.&#39;</strong></span> <span class='ocrx_word' id='word_1_210' title='bbox 1332 3406 1557 3457; x_wconf 68' lang='lat' dir='ltr'><strong>Freinsh.</strong></span> <span class='ocrx_word' id='word_1_211' title='bbox 1592 3407 1696 3456; x_wconf 74' lang='lat' dir='ltr'><strong>cti-</strong></span> 
     </span>
     <span class='ocr_line' id='line_1_41' title="bbox 640 3482 1697 3547; baseline 0 -14"><span class='ocrx_word' id='word_1_212' title='bbox 640 3484 819 3533; x_wconf 66' lang='lat' dir='ltr'><strong>atim</strong></span> <span class='ocrx_word' id='word_1_213' title='bbox 870 3484 1034 3547; x_wconf 73' lang='lat' dir='ltr'><strong>maa]</strong></span> <span class='ocrx_word' id='word_1_214' title='bbox 1102 3483 1336 3532; x_wconf 84' lang='lat' dir='ltr'><strong>Clientes</strong></span> <span class='ocrx_word' id='word_1_215' title='bbox 1382 3482 1697 3534; x_wconf 86' lang='lat' dir='ltr'><strong>addictiores</strong></span> 
     </span>
     <span class='ocr_line' id='line_1_42' title="bbox 642 3557 1700 3623; baseline 0.001 -16"><span class='ocrx_word' id='word_1_216' title='bbox 642 3557 793 3607; x_wconf 85' lang='lat' dir='ltr'><strong>amici</strong></span> <span class='ocrx_word' id='word_1_217' title='bbox 823 3563 974 3607; x_wconf 90' lang='lat' dir='ltr'><strong>eraut</strong></span> <span class='ocrx_word' id='word_1_218' title='bbox 1011 3564 1245 3605; x_wconf 82' lang='lat' dir='ltr'><strong>veterum</strong></span> <span class='ocrx_word' id='word_1_219' title='bbox 1273 3564 1588 3620; x_wconf 83' lang='lat' dir='ltr'><strong>magnatum,</strong></span> <span class='ocrx_word' id='word_1_220' title='bbox 1610 3561 1700 3623; x_wconf 82' lang='lat' dir='ltr'><strong>qui</strong></span> 
     </span>
     <span class='ocr_line' id='line_1_43' title="bbox 646 3630 1702 3695; baseline 0 -13"><span class='ocrx_word' id='word_1_221' title='bbox 646 3632 909 3682; x_wconf 83' lang='lat' dir='ltr'><strong>beneficiis</strong></span> <span class='ocrx_word' id='word_1_222' title='bbox 952 3630 1233 3695; x_wconf 85' lang='lat' dir='ltr'><strong>majoribus</strong></span> <span class='ocrx_word' id='word_1_223' title='bbox 1275 3631 1494 3695; x_wconf 76' lang='lat' dir='ltr'><strong>obligati</strong></span> <span class='ocrx_word' id='word_1_224' title='bbox 1543 3631 1702 3683; x_wconf 81' lang='lat' dir='ltr'><strong>fidem</strong></span> 
     </span>
     <span class='ocr_line' id='line_1_44' title="bbox 648 3708 1703 3772; baseline 0.003 -16"><span class='ocrx_word' id='word_1_225' title='bbox 648 3722 760 3772; x_wconf 71' lang='lat' dir='ltr'><strong>proe</strong></span> <span class='ocrx_word' id='word_1_226' title='bbox 793 3708 982 3757; x_wconf 85' lang='lat' dir='ltr'><strong>ceteris</strong></span> <span class='ocrx_word' id='word_1_227' title='bbox 1006 3708 1265 3757; x_wconf 85' lang='lat' dir='ltr'><strong>debebant</strong></span> <span class='ocrx_word' id='word_1_228' title='bbox 1285 3708 1391 3757; x_wconf 85' lang='lat' dir='ltr'><strong>suis</strong></span> <span class='ocrx_word' id='word_1_229' title='bbox 1411 3709 1512 3759; x_wconf 86' lang='lat' dir='ltr'><strong>illis</strong></span> <span class='ocrx_word' id='word_1_230' title='bbox 1534 3708 1703 3761; x_wconf 85' lang='lat' dir='ltr'><strong>beroi-</strong></span> 
     </span>
     <span class='ocr_line' id='line_1_45' title="bbox 648 3784 1510 3836; baseline -0.003 0"><span class='ocrx_word' id='word_1_231' title='bbox 648 3785 763 3836; x_wconf 87' lang='lat' dir='ltr'><strong>bus.</strong></span> <span class='ocrx_word' id='word_1_232' title='bbox 798 3784 976 3834; x_wconf 71' lang='lat' dir='ltr'><strong>Barth.</strong></span> <span class='ocrx_word' id='word_1_233' title='bbox 1004 3784 1263 3834; x_wconf 69' lang='lat' dir='ltr'><strong>Adra-sur.</strong></span> <span class='ocrx_word' id='word_1_234' title='bbox 1288 3797 1406 3833; x_wconf 78' lang='lat' dir='ltr'><strong>mu.</strong></span> <span class='ocrx_word' id='word_1_235' title='bbox 1431 3788 1510 3833; x_wconf 86' lang='lat'><strong>11.</strong></span> 
     </span>
    </p>

    <p class='ocr_par' dir='ltr' id='par_1_6' title="bbox 650 3858 1708 4306">
     <span class='ocr_line' id='line_1_46' title="bbox 717 3858 1700 3924; baseline 0 -15"><span class='ocrx_word' id='word_1_236' title='bbox 717 3862 826 3909; x_wconf 66' lang='lat' dir='ltr'><strong>Oxo</strong></span> <span class='ocrx_word' id='word_1_237' title='bbox 848 3858 1013 3922; x_wconf 73' lang='lat' dir='ltr'><strong>amne]</strong></span> <span class='ocrx_word' id='word_1_238' title='bbox 1028 3859 1368 3921; x_wconf 60' lang='lat' dir='ltr'><strong>Membrana,</strong></span> <span class='ocrx_word' id='word_1_239' title='bbox 1388 3868 1443 3909; x_wconf 90' lang='lat' dir='ltr'><strong>et</strong></span> <span class='ocrx_word' id='word_1_240' title='bbox 1465 3859 1700 3924; x_wconf 83' lang='lat' dir='ltr'><strong>plerique</strong></span> 
     </span>
     <span class='ocr_line' id='line_1_47' title="bbox 650 3934 1703 4001; baseline -0.004 -12"><span class='ocrx_word' id='word_1_241' title='bbox 650 3950 829 3989; x_wconf 83' lang='lat' dir='ltr'><strong>omnes</strong></span> <span class='ocrx_word' id='word_1_242' title='bbox 870 3935 1105 3999; x_wconf 72' lang='lat' dir='ltr'><strong>impressi</strong></span> <span class='ocrx_word' id='word_1_243' title='bbox 1149 3934 1354 3985; x_wconf 87' lang='lat' dir='ltr'><strong>codices</strong></span> <span class='ocrx_word' id='word_1_244' title='bbox 1396 3950 1508 3985; x_wconf 75' lang='lat' dir='ltr'><strong>mox</strong></span> <span class='ocrx_word' id='word_1_245' title='bbox 1549 3950 1703 4001; x_wconf 78' lang='lat' dir='ltr'><strong>amne,</strong></span> 
     </span>
     <span class='ocr_line' id='line_1_48' title="bbox 650 4010 1706 4077; baseline 0.001 -15"><span class='ocrx_word' id='word_1_246' title='bbox 650 4014 851 4063; x_wconf 85' lang='lat' dir='ltr'><strong>scilicet</strong></span> <span class='ocrx_word' id='word_1_247' title='bbox 885 4011 1091 4062; x_wconf 84' lang='lat' dir='ltr'><strong>literam</strong></span> <span class='ocrx_word' id='word_1_248' title='bbox 1126 4010 1357 4061; x_wconf 86' lang='lat' dir='ltr'><strong>ultimam</strong></span> <span class='ocrx_word' id='word_1_249' title='bbox 1394 4012 1528 4061; x_wconf 83' lang='lat' dir='ltr'><strong>vocis</strong></span> <span class='ocrx_word' id='word_1_250' title='bbox 1551 4010 1706 4077; x_wconf 73' lang='lat' dir='ltr'><strong>fideus</strong></span> 
     </span>
     <span class='ocr_line' id='line_1_49' title="bbox 653 4084 1708 4151; baseline -0.006 -14"><span class='ocrx_word' id='word_1_251' title='bbox 653 4087 926 4137; x_wconf 75' lang='lat' dir='ltr'><strong>adbaesisse</strong></span> <span class='ocrx_word' id='word_1_252' title='bbox 967 4084 1223 4151; x_wconf 87' lang='lat' dir='ltr'><strong>principio</strong></span> <span class='ocrx_word' id='word_1_253' title='bbox 1263 4086 1549 4151; x_wconf 83' lang='lat' dir='ltr'><strong>sequentis,</strong></span> <span class='ocrx_word' id='word_1_254' title='bbox 1599 4084 1708 4137; x_wconf 80' lang='lat' dir='ltr'><strong>fac.</strong></span> 
     </span>
     <span class='ocr_line' id='line_1_50' title="bbox 656 4162 1704 4227; baseline 0.003 -16"><span class='ocrx_word' id='word_1_255' title='bbox 656 4168 865 4226; x_wconf 78' lang='lat' dir='ltr'><strong>tumque</strong></span> <span class='ocrx_word' id='word_1_256' title='bbox 906 4162 1024 4213; x_wconf 86' lang='lat' dir='ltr'><strong>binc</strong></span> <span class='ocrx_word' id='word_1_257' title='bbox 1060 4177 1215 4224; x_wconf 69' lang='lat' dir='ltr'><strong>moseo,</strong></span> <span class='ocrx_word' id='word_1_258' title='bbox 1254 4162 1390 4226; x_wconf 86' lang='lat' dir='ltr'><strong>quod</strong></span> <span class='ocrx_word' id='word_1_259' title='bbox 1426 4178 1583 4227; x_wconf 84' lang='lat' dir='ltr'><strong>quum</strong></span> <span class='ocrx_word' id='word_1_260' title='bbox 1609 4178 1704 4227; x_wconf 88' lang='lat' dir='ltr'><strong>pro</strong></span> 
     </span>
     <span class='ocr_line' id='line_1_51' title="bbox 654 4239 1706 4306; baseline 0.005 -20"><span class='ocrx_word' id='word_1_261' title='bbox 654 4244 880 4288; x_wconf 87' lang='lat' dir='ltr'><strong>monstro</strong></span> <span class='ocrx_word' id='word_1_262' title='bbox 899 4246 1056 4305; x_wconf 87' lang='lat' dir='ltr'><strong>esset,</strong></span> <span class='ocrx_word' id='word_1_263' title='bbox 1076 4239 1341 4306; x_wconf 84' lang='lat' dir='ltr'><strong>scripsisse</strong></span> <span class='ocrx_word' id='word_1_264' title='bbox 1364 4240 1550 4292; x_wconf 84' lang='lat' dir='ltr'><strong>stultos</strong></span> <span class='ocrx_word' id='word_1_265' title='bbox 1570 4240 1706 4305; x_wconf 77' lang='lat' dir='ltr'><strong>sapi·</strong></span> 
     </span>
    </p>
   </div>
   <div class='ocr_carea' id='block_1_3' title="bbox 1300 388 2089 442">
    <p class='ocr_par' dir='ltr' id='par_1_7' title="bbox 1300 388 2089 442">
     <span class='ocr_line' id='line_1_52' title="bbox 1300 388 2089 442; baseline -0.003 -2"><span class='ocrx_word' id='word_1_266' title='bbox 1300 389 1516 442; x_wconf 76' lang='lat' dir='ltr'><strong>No&#39;rAE</strong></span> <span class='ocrx_word' id='word_1_267' title='bbox 1562 388 1898 440; x_wconf 67' lang='lat' dir='ltr'><strong>vanlonu</strong></span> <span class='ocrx_word' id='word_1_268' title='bbox 1911 391 1962 436; x_wconf 75' lang='lat' dir='ltr'>M</span> <span class='ocrx_word' id='word_1_269' title='bbox 2011 389 2089 438; x_wconf 73' lang='grc' dir='ltr'><strong>ΙΝ</strong></span> 
     </span>
    </p>
   </div>
   <div class='ocr_carea' id='block_1_4' title="bbox 1731 529 2838 4303">
    <p class='ocr_par' dir='ltr' id='par_1_8' title="bbox 1731 529 2792 659">
     <span class='ocr_line' id='line_1_53' title="bbox 1731 529 2792 590; baseline -0.004 -8"><span class='ocrx_word' id='word_1_270' title='bbox 1731 531 1888 582; x_wconf 67' lang='lat' dir='ltr'><strong>entiae</strong></span> <span class='ocrx_word' id='word_1_271' title='bbox 1911 531 2193 582; x_wconf 83' lang='lat' dir='ltr'><strong>imitatores</strong></span> <span class='ocrx_word' id='word_1_272' title='bbox 2215 543 2327 580; x_wconf 68' lang='lat' dir='ltr'><strong>mox</strong></span> <span class='ocrx_word' id='word_1_273' title='bbox 2359 543 2516 590; x_wconf 74' lang='lat' dir='ltr'><strong>amne,</strong></span> <span class='ocrx_word' id='word_1_274' title='bbox 2547 531 2628 590; x_wconf 57' lang='grc' dir='ltr'><strong>ξε.</strong></span> <span class='ocrx_word' id='word_1_275' title='bbox 2664 529 2792 579; x_wconf 76' lang='grc' dir='ltr'><strong>Μο-</strong></span> 
     </span>
     <span class='ocr_line' id='line_1_54' title="bbox 1732 609 1863 659; baseline 0 0"><span class='ocrx_word' id='word_1_276' title='bbox 1732 609 1863 659; x_wconf 83' lang='lat' dir='ltr'><strong>dius.</strong></span> 
     </span>
    </p>

    <p class='ocr_par' dir='ltr' id='par_1_9' title="bbox 1731 683 2800 978">
     <span class='ocr_line' id='line_1_55' title="bbox 1796 683 2792 747; baseline -0.003 -14"><span class='ocrx_word' id='word_1_277' title='bbox 1796 685 1878 734; x_wconf 73' lang='lat' dir='ltr'><strong>Aa</strong></span> <span class='ocrx_word' id='word_1_278' title='bbox 1899 683 2104 747; x_wconf 78' lang='lat' dir='ltr'><strong>sameas]</strong></span> <span class='ocrx_word' id='word_1_279' title='bbox 2141 683 2283 733; x_wconf 80' lang='lat' dir='ltr'><strong>Malo</strong></span> <span class='ocrx_word' id='word_1_280' title='bbox 2315 683 2493 746; x_wconf 72' lang='lat' dir='ltr'><strong>legere</strong></span> <span class='ocrx_word' id='word_1_281' title='bbox 2529 697 2672 745; x_wconf 75' lang='lat' dir='ltr'><strong>prope</strong></span> <span class='ocrx_word' id='word_1_282' title='bbox 2694 683 2792 741; x_wconf 81' lang='lat' dir='ltr'><strong>sa-</strong></span> 
     </span>
     <span class='ocr_line' id='line_1_56' title="bbox 1731 759 2796 825; baseline -0.002 -15"><span class='ocrx_word' id='word_1_283' title='bbox 1731 777 1870 823; x_wconf 77' lang='lat' dir='ltr'><strong>mem,</strong></span> <span class='ocrx_word' id='word_1_284' title='bbox 1905 769 1963 810; x_wconf 85' lang='lat' dir='ltr'><strong>ut</strong></span> <span class='ocrx_word' id='word_1_285' title='bbox 2001 761 2137 825; x_wconf 85' lang='lat' dir='ltr'><strong>apud</strong></span> <span class='ocrx_word' id='word_1_286' title='bbox 2178 760 2354 809; x_wconf 84' lang='lat' dir='ltr'><strong>Tacit.</strong></span> <span class='ocrx_word' id='word_1_287' title='bbox 2395 759 2467 807; x_wconf 85' lang='lat' dir='ltr'><strong>H.</strong></span> <span class='ocrx_word' id='word_1_288' title='bbox 2503 772 2592 807; x_wconf 86' lang='grc' dir='ltr'>ιιι.</span> <span class='ocrx_word' id='word_1_289' title='bbox 2619 763 2702 807; x_wconf 96' lang='grc'><strong>21.</strong></span> <span class='ocrx_word' id='word_1_290' title='bbox 2743 762 2796 808; x_wconf 84' lang='grc'><strong>1.</strong></span> 
     </span>
     <span class='ocr_line' id='line_1_57' title="bbox 1735 832 2800 902; baseline -0.004 -16"><span class='ocrx_word' id='word_1_291' title='bbox 1735 838 1752 866; x_wconf 79' lang='lat'>⁸</span> <span class='ocrx_word' id='word_1_292' title='bbox 1779 851 1940 902; x_wconf 86' lang='lat' dir='ltr'><strong>prope</strong></span> <span class='ocrx_word' id='word_1_293' title='bbox 1961 837 2271 887; x_wconf 81' lang='lat' dir='ltr'><strong>seditionem</strong></span> <span class='ocrx_word' id='word_1_294' title='bbox 2295 832 2539 885; x_wconf 60' lang='lat' dir='ltr'><strong>ventum)</strong></span> <span class='ocrx_word' id='word_1_295' title='bbox 2573 833 2800 894; x_wconf 72' lang='lat' dir='ltr'><strong>Bmeg·</strong></span> 
     </span>
     <span class='ocr_line' id='line_1_58' title="bbox 1733 929 2796 978; baseline -0.006 -14"><span class='ocrx_word' id='word_1_296' title='bbox 1733 929 1890 978; x_wconf 67' lang='lat' dir='ltr'><strong>ger-us.</strong></span> <span class='ocrx_word' id='word_1_297' title='bbox 2787 933 2796 944; x_wconf 84' lang='lat'><strong>·</strong></span> 
     </span>
    </p>

    <p class='ocr_par' dir='ltr' id='par_1_10' title="bbox 1739 984 2838 3158">
     <span class='ocr_line' id='line_1_59' title="bbox 1803 984 2795 1054; baseline -0.007 -16"><span class='ocrx_word' id='word_1_298' title='bbox 1803 991 1832 1054; x_wconf 59' lang='grc' dir='ltr'><strong>ς</strong></span> <span class='ocrx_word' id='word_1_299' title='bbox 1859 993 1922 1038; x_wconf 79' lang='grc'><strong>23</strong></span> <span class='ocrx_word' id='word_1_300' title='bbox 1957 988 2178 1051; x_wconf 78' lang='lat' dir='ltr'><strong>Sesamu]</strong></span> <span class='ocrx_word' id='word_1_301' title='bbox 2221 988 2416 1038; x_wconf 60' lang='lat' dir='ltr'><strong>sesamo</strong></span> <span class='ocrx_word' id='word_1_302' title='bbox 2450 992 2507 1035; x_wconf 87' lang='lat' dir='ltr'><strong>et</strong></span> <span class='ocrx_word' id='word_1_303' title='bbox 2545 984 2795 1033; x_wconf 65' lang='lat' dir='ltr'><strong>Sem</strong></span> 
     </span>
     <span class='ocr_line' id='line_1_60' title="bbox 1739 1061 2799 1116; baseline -0.008 0"><span class='ocrx_word' id='word_1_304' title='bbox 1739 1064 1956 1116; x_wconf 84' lang='lat' dir='ltr'><strong>Latinis.</strong></span> <span class='ocrx_word' id='word_1_305' title='bbox 2019 1064 2222 1114; x_wconf 84' lang='lat' dir='ltr'><strong>Plinius</strong></span> <span class='ocrx_word' id='word_1_306' title='bbox 2245 1076 2404 1112; x_wconf 74' lang='lat' dir='ltr'><strong>xvur.</strong></span> <span class='ocrx_word' id='word_1_307' title='bbox 2429 1066 2507 1112; x_wconf 83' lang='lat'><strong>1⁰.</strong></span> <span class='ocrx_word' id='word_1_308' title='bbox 2542 1063 2556 1088; x_wconf 93' lang='lat'>‘</span> <span class='ocrx_word' id='word_1_309' title='bbox 2579 1061 2799 1109; x_wconf 80' lang='lat' dir='ltr'><strong>Sesama</strong></span> 
     </span>
     <span class='ocr_line' id='line_1_61' title="bbox 1740 1136 2796 1190; baseline -0.006 0"><span class='ocrx_word' id='word_1_310' title='bbox 1740 1141 1805 1190; x_wconf 89' lang='lat' dir='ltr'><strong>ab</strong></span> <span class='ocrx_word' id='word_1_311' title='bbox 1828 1141 1972 1190; x_wconf 86' lang='lat' dir='ltr'><strong>Indis</strong></span> <span class='ocrx_word' id='word_1_312' title='bbox 1988 1138 2166 1190; x_wconf 66' lang='lat' dir='ltr'><strong>venit.⁹</strong></span> <span class='ocrx_word' id='word_1_313' title='bbox 2199 1138 2484 1190; x_wconf 78' lang='lat' dir='ltr'><strong>Columella</strong></span> <span class='ocrx_word' id='word_1_314' title='bbox 2499 1151 2580 1186; x_wconf 69' lang='grc' dir='ltr'>ιι.</span> <span class='ocrx_word' id='word_1_315' title='bbox 2601 1141 2649 1185; x_wconf 86' lang='grc'><strong>7.</strong></span> <span class='ocrx_word' id='word_1_316' title='bbox 2683 1136 2796 1185; x_wconf 85' lang='lat' dir='ltr'><strong>Pe-</strong></span> 
     </span>
     <span class='ocr_line' id='line_1_62' title="bbox 1743 1212 2792 1279; baseline -0.007 -13"><span class='ocrx_word' id='word_1_317' title='bbox 1743 1217 1938 1267; x_wconf 85' lang='lat' dir='ltr'><strong>tronius</strong></span> <span class='ocrx_word' id='word_1_318' title='bbox 1977 1223 2097 1279; x_wconf 84' lang='lat' dir='ltr'><strong>post</strong></span> <span class='ocrx_word' id='word_1_319' title='bbox 2135 1215 2297 1278; x_wconf 85' lang='lat' dir='ltr'><strong>princ.</strong></span> <span class='ocrx_word' id='word_1_320' title='bbox 2327 1215 2545 1264; x_wconf 86' lang='lat' dir='ltr'><strong>Plautus</strong></span> <span class='ocrx_word' id='word_1_321' title='bbox 2569 1212 2792 1262; x_wconf 82' lang='lat' dir='ltr'><strong>Poenulo</strong></span> 
     </span>
     <span class='ocr_line' id='line_1_63' title="bbox 1741 1287 2800 1356; baseline -0.008 -12"><span class='ocrx_word' id='word_1_322' title='bbox 1741 1307 1784 1344; x_wconf 87' lang='grc' dir='ltr'>ι.</span> <span class='ocrx_word' id='word_1_323' title='bbox 1811 1297 1862 1343; x_wconf 88' lang='grc'><strong>2.</strong></span> <span class='ocrx_word' id='word_1_324' title='bbox 1898 1297 2012 1343; x_wconf 72' lang='lat'><strong>118.</strong></span> <span class='ocrx_word' id='word_1_325' title='bbox 2045 1291 2162 1356; x_wconf 89' lang='lat' dir='ltr'><strong>(ubi</strong></span> <span class='ocrx_word' id='word_1_326' title='bbox 2191 1287 2588 1352; x_wconf 79' lang='lat' dir='ltr'><strong>Taubmannus)</strong></span> <span class='ocrx_word' id='word_1_327' title='bbox 2617 1289 2702 1337; x_wconf 86' lang='lat' dir='ltr'><strong>alii</strong></span> <span class='ocrx_word' id='word_1_328' title='bbox 2737 1287 2800 1336; x_wconf 83' lang='lat' dir='ltr'><strong>in</strong></span> 
     </span>
     <span class='ocr_line' id='line_1_64' title="bbox 1743 1364 2798 1420; baseline -0.009 0"><span class='ocrx_word' id='word_1_329' title='bbox 1743 1377 1928 1420; x_wconf 86' lang='lat' dir='ltr'><strong>neutro</strong></span> <span class='ocrx_word' id='word_1_330' title='bbox 1951 1369 2195 1418; x_wconf 82' lang='lat' dir='ltr'><strong>dixerunt</strong></span> <span class='ocrx_word' id='word_1_331' title='bbox 2213 1367 2228 1394; x_wconf 88' lang='lat'>‘</span> <span class='ocrx_word' id='word_1_332' title='bbox 2251 1364 2550 1416; x_wconf 73' lang='lat' dir='ltr'><strong>sesamum:</strong></span> <span class='ocrx_word' id='word_1_333' title='bbox 2591 1364 2798 1414; x_wconf 65' lang='lat' dir='ltr'><strong>Grecis</strong></span> 
     </span>
     <span class='ocr_line' id='line_1_65' title="bbox 1744 1443 2800 1509; baseline -0.007 -13"><span class='ocrx_word' id='word_1_334' title='bbox 1744 1445 1966 1508; x_wconf 67' lang='grc' dir='ltr'><strong>Σήσαμον</strong></span> <span class='ocrx_word' id='word_1_335' title='bbox 1989 1445 2127 1509; x_wconf 87' lang='lat' dir='ltr'><strong>apud</strong></span> <span class='ocrx_word' id='word_1_336' title='bbox 2155 1443 2564 1507; x_wconf 66' lang='lat' dir='ltr'><strong>Theophrastum</strong></span> <span class='ocrx_word' id='word_1_337' title='bbox 2585 1453 2710 1490; x_wconf 82' lang='lat' dir='ltr'><strong>vm.</strong></span> <span class='ocrx_word' id='word_1_338' title='bbox 2745 1445 2800 1489; x_wconf 82' lang='grc'><strong>6.</strong></span> 
     </span>
     <span class='ocr_line' id='line_1_66' title="bbox 1745 1515 2800 1572; baseline -0.009 0"><span class='ocrx_word' id='word_1_339' title='bbox 1745 1530 1801 1572; x_wconf 86' lang='lat' dir='ltr'><strong>et</strong></span> <span class='ocrx_word' id='word_1_340' title='bbox 1837 1521 2196 1572; x_wconf 86' lang='lat' dir='ltr'><strong>Dioscoridem</strong></span> <span class='ocrx_word' id='word_1_341' title='bbox 2233 1532 2298 1569; x_wconf 86' lang='grc' dir='ltr'><strong>ιι.</strong></span> <span class='ocrx_word' id='word_1_342' title='bbox 2334 1522 2443 1568; x_wconf 88' lang='grc'><strong>121.</strong></span> <span class='ocrx_word' id='word_1_343' title='bbox 2516 1515 2800 1566; x_wconf 77' lang='lat' dir='ltr'><strong>Homerum</strong></span> 
     </span>
     <span class='ocr_line' id='line_1_67' title="bbox 1745 1590 2799 1662; baseline -0.009 -14"><span class='ocrx_word' id='word_1_344' title='bbox 1745 1605 2040 1662; x_wconf 57' lang='lat' dir='ltr'><strong>Bmpoxms.</strong></span> <span class='ocrx_word' id='word_1_345' title='bbox 2053 1601 2136 1646; x_wconf 73' lang='lat'><strong>86.</strong></span> <span class='ocrx_word' id='word_1_346' title='bbox 2149 1593 2342 1656; x_wconf 71' lang='lat' dir='ltr'><strong>210·qu</strong></span> <span class='ocrx_word' id='word_1_347' title='bbox 2359 1610 2370 1640; x_wconf 75' lang='grc' dir='ltr'><strong>ε</strong></span> <span class='ocrx_word' id='word_1_348' title='bbox 2391 1592 2648 1642; x_wconf 82' lang='lat' dir='ltr'><strong>Arabibus</strong></span> <span class='ocrx_word' id='word_1_349' title='bbox 2663 1590 2799 1640; x_wconf 67' lang='lat' dir='ltr'><strong>Sem-</strong></span> 
     </span>
     <span class='ocr_line' id='line_1_68' title="bbox 1744 1665 2799 1724; baseline -0.009 -1"><span class='ocrx_word' id='word_1_350' title='bbox 1744 1689 1842 1724; x_wconf 81' lang='lat' dir='ltr'><strong>sem</strong></span> <span class='ocrx_word' id='word_1_351' title='bbox 1863 1680 1957 1723; x_wconf 86' lang='lat' dir='ltr'><strong>aut</strong></span> <span class='ocrx_word' id='word_1_352' title='bbox 1977 1673 2198 1722; x_wconf 70' lang='lat' dir='ltr'><strong>Smer-o.</strong></span> <span class='ocrx_word' id='word_1_353' title='bbox 2263 1670 2408 1720; x_wconf 85' lang='lat' dir='ltr'><strong>Italis</strong></span> <span class='ocrx_word' id='word_1_354' title='bbox 2431 1667 2638 1718; x_wconf 78' lang='lat' dir='ltr'><strong>Sesamo-</strong></span> <span class='ocrx_word' id='word_1_355' title='bbox 2677 1665 2799 1716; x_wconf 80' lang='lat' dir='ltr'><strong>His-</strong></span> 
     </span>
     <span class='ocr_line' id='line_1_69' title="bbox 1748 1740 2796 1812; baseline -0.008 -14"><span class='ocrx_word' id='word_1_356' title='bbox 1748 1749 1894 1812; x_wconf 87' lang='lat' dir='ltr'><strong>panis</strong></span> <span class='ocrx_word' id='word_1_357' title='bbox 1936 1747 2200 1808; x_wconf 67' lang='lat' dir='ltr'><strong>surgitis-⁸</strong></span> <span class='ocrx_word' id='word_1_358' title='bbox 2239 1752 2298 1795; x_wconf 88' lang='lat' dir='ltr'><strong>et</strong></span> <span class='ocrx_word' id='word_1_359' title='bbox 2343 1744 2565 1806; x_wconf 73' lang='lat' dir='ltr'><strong>Alegrio.</strong></span> <span class='ocrx_word' id='word_1_360' title='bbox 2625 1740 2796 1792; x_wconf 80' lang='lat' dir='ltr'><strong>Gallis</strong></span> 
     </span>
     <span class='ocr_line' id='line_1_70' title="bbox 1746 1817 2800 1886; baseline -0.008 -11"><span class='ocrx_word' id='word_1_361' title='bbox 1746 1825 1992 1886; x_wconf 53' lang='grc' dir='ltr'><strong>δικαίως.</strong></span> <span class='ocrx_word' id='word_1_362' title='bbox 2027 1823 2299 1873; x_wconf 86' lang='lat' dir='ltr'><strong>Germanis</strong></span> <span class='ocrx_word' id='word_1_363' title='bbox 2321 1820 2501 1884; x_wconf 89' lang='lat' dir='ltr'><strong>spuria</strong></span> <span class='ocrx_word' id='word_1_364' title='bbox 2519 1817 2800 1868; x_wconf 78' lang='lat' dir='ltr'><strong>voceLeia-</strong></span> 
     </span>
     <span class='ocr_line' id='line_1_71' title="bbox 1748 1897 2804 1960; baseline -0.008 -10"><span class='ocrx_word' id='word_1_365' title='bbox 1748 1903 1906 1951; x_wconf 75' lang='lat' dir='ltr'><strong>docter</strong></span> <span class='ocrx_word' id='word_1_366' title='bbox 1939 1906 2030 1949; x_wconf 87' lang='lat' dir='ltr'><strong>aut</strong></span> <span class='ocrx_word' id='word_1_367' title='bbox 2065 1897 2414 1953; x_wconf 65' lang='lat' dir='ltr'><strong>Floeltsdotter,</strong></span> <span class='ocrx_word' id='word_1_368' title='bbox 2451 1909 2604 1960; x_wconf 84' lang='lat' dir='ltr'><strong>quam</strong></span> <span class='ocrx_word' id='word_1_369' title='bbox 2629 1901 2804 1944; x_wconf 86' lang='lat' dir='ltr'><strong>tamen</strong></span> 
     </span>
     <span class='ocr_line' id='line_1_72' title="bbox 1749 1968 2805 2036; baseline -0.007 -12"><span class='ocrx_word' id='word_1_370' title='bbox 1749 1990 1928 2026; x_wconf 77' lang='lat' dir='ltr'><strong>vocem</strong></span> <span class='ocrx_word' id='word_1_371' title='bbox 1963 1974 2104 2024; x_wconf 86' lang='lat' dir='ltr'><strong>docti</strong></span> <span class='ocrx_word' id='word_1_372' title='bbox 2145 1973 2410 2036; x_wconf 85' lang='lat' dir='ltr'><strong>rejiciunt,</strong></span> <span class='ocrx_word' id='word_1_373' title='bbox 2447 1983 2544 2020; x_wconf 89' lang='lat' dir='ltr'><strong>nec</strong></span> <span class='ocrx_word' id='word_1_374' title='bbox 2585 1968 2805 2018; x_wconf 80' lang='lat' dir='ltr'><strong>formam</strong></span> 
     </span>
     <span class='ocr_line' id='line_1_73' title="bbox 1750 2043 2808 2117; baseline -0.009 -14"><span class='ocrx_word' id='word_1_375' title='bbox 1750 2051 1994 2117; x_wconf 87' lang='lat' dir='ltr'><strong>penicillo</strong></span> <span class='ocrx_word' id='word_1_376' title='bbox 2014 2051 2095 2100; x_wconf 81' lang='lat' dir='ltr'><strong>vel</strong></span> <span class='ocrx_word' id='word_1_377' title='bbox 2117 2050 2248 2100; x_wconf 75' lang='lat' dir='ltr'><strong>coelo</strong></span> <span class='ocrx_word' id='word_1_378' title='bbox 2265 2061 2581 2112; x_wconf 83' lang='lat' dir='ltr'><strong>expressam,</strong></span> <span class='ocrx_word' id='word_1_379' title='bbox 2611 2049 2670 2095; x_wconf 63' lang='grc' dir='ltr'><strong>αι</strong></span> <span class='ocrx_word' id='word_1_380' title='bbox 2685 2043 2808 2096; x_wconf 79' lang='lat' dir='ltr'><strong>sub-</strong></span> 
     </span>
     <span class='ocr_line' id='line_1_74' title="bbox 1741 2121 2806 2191; baseline -0.008 -13"><span class='ocrx_word' id='word_1_381' title='bbox 1741 2128 1939 2191; x_wconf 85' lang='lat' dir='ltr'><strong>jectam</strong></span> <span class='ocrx_word' id='word_1_382' title='bbox 1953 2127 2140 2191; x_wconf 86' lang='lat' dir='ltr'><strong>probat</strong></span> <span class='ocrx_word' id='word_1_383' title='bbox 2155 2124 2462 2174; x_wconf 78' lang='lat' dir='ltr'><strong>Matthiolus</strong></span> <span class='ocrx_word' id='word_1_384' title='bbox 2483 2122 2548 2171; x_wconf 88' lang='lat' dir='ltr'><strong>ad</strong></span> <span class='ocrx_word' id='word_1_385' title='bbox 2569 2121 2806 2171; x_wconf 86' lang='lat' dir='ltr'><strong>Dioscor.</strong></span> 
     </span>
     <span class='ocr_line' id='line_1_75' title="bbox 1753 2197 2807 2264; baseline -0.008 -12"><span class='ocrx_word' id='word_1_386' title='bbox 1753 2216 1818 2252; x_wconf 86' lang='grc' dir='ltr'><strong>ιι.</strong></span> <span class='ocrx_word' id='word_1_387' title='bbox 1852 2207 1936 2252; x_wconf 81' lang='grc'><strong>92.</strong></span> <span class='ocrx_word' id='word_1_388' title='bbox 1976 2215 2102 2264; x_wconf 87' lang='lat' dir='ltr'><strong>quos</strong></span> <span class='ocrx_word' id='word_1_389' title='bbox 2141 2201 2302 2262; x_wconf 76' lang='lat' dir='ltr'><strong>leges,</strong></span> <span class='ocrx_word' id='word_1_390' title='bbox 2325 2197 2582 2248; x_wconf 70' lang='lat' dir='ltr'><strong>Gale-um</strong></span> <span class='ocrx_word' id='word_1_391' title='bbox 2605 2209 2807 2260; x_wconf 82' lang='lat' dir='ltr'><strong>quoque</strong></span> 
     </span>
     <span class='ocr_line' id='line_1_76' title="bbox 1753 2270 2806 2337; baseline -0.004 -14"><span class='ocrx_word' id='word_1_392' title='bbox 1753 2276 1842 2325; x_wconf 89' lang='lat' dir='ltr'><strong>lib.</strong></span> <span class='ocrx_word' id='word_1_393' title='bbox 1876 2288 2003 2326; x_wconf 83' lang='lat' dir='ltr'><strong>vm.</strong></span> <span class='ocrx_word' id='word_1_394' title='bbox 2041 2274 2108 2324; x_wconf 85' lang='lat' dir='ltr'><strong>de</strong></span> <span class='ocrx_word' id='word_1_395' title='bbox 2132 2273 2366 2337; x_wconf 83' lang='lat' dir='ltr'><strong>Simplic.</strong></span> <span class='ocrx_word' id='word_1_396' title='bbox 2391 2270 2806 2322; x_wconf 83' lang='lat' dir='ltr'><strong>Medicamentis.</strong></span> 
     </span>
     <span class='ocr_line' id='line_1_77' title="bbox 1755 2346 2809 2405; baseline -0.004 -6"><span class='ocrx_word' id='word_1_397' title='bbox 1755 2351 2034 2405; x_wconf 82' lang='lat' dir='ltr'><strong>Videntur,</strong></span> <span class='ocrx_word' id='word_1_398' title='bbox 2069 2357 2129 2400; x_wconf 87' lang='lat' dir='ltr'><strong>ut</strong></span> <span class='ocrx_word' id='word_1_399' title='bbox 2161 2355 2241 2398; x_wconf 87' lang='lat' dir='ltr'><strong>est</strong></span> <span class='ocrx_word' id='word_1_400' title='bbox 2275 2348 2326 2397; x_wconf 86' lang='lat' dir='ltr'><strong>in</strong></span> <span class='ocrx_word' id='word_1_401' title='bbox 2360 2347 2496 2398; x_wconf 84' lang='lat' dir='ltr'><strong>notis</strong></span> <span class='ocrx_word' id='word_1_402' title='bbox 2511 2347 2578 2397; x_wconf 90' lang='lat' dir='ltr'><strong>ad</strong></span> <span class='ocrx_word' id='word_1_403' title='bbox 2601 2346 2688 2396; x_wconf 89' lang='lat' dir='ltr'><strong>illa</strong></span> <span class='ocrx_word' id='word_1_404' title='bbox 2710 2347 2809 2396; x_wconf 81' lang='lat' dir='ltr'><strong>Pe·</strong></span> 
     </span>
     <span class='ocr_line' id='line_1_78' title="bbox 1757 2415 2838 2486; baseline -0.003 -11"><span class='ocrx_word' id='word_1_405' title='bbox 1757 2425 1930 2481; x_wconf 67' lang='lat' dir='ltr'><strong>nonii,</strong></span> <span class='ocrx_word' id='word_1_406' title='bbox 1959 2425 1975 2453; x_wconf 85' lang='lat'>‘</span> <span class='ocrx_word' id='word_1_407' title='bbox 1995 2424 2226 2472; x_wconf 78' lang='lat' dir='ltr'><strong>Mellitos</strong></span> <span class='ocrx_word' id='word_1_408' title='bbox 2261 2422 2529 2472; x_wconf 79' lang='lat' dir='ltr'><strong>verborum</strong></span> <span class='ocrx_word' id='word_1_409' title='bbox 2558 2421 2806 2486; x_wconf 78' lang='lat' dir='ltr'><strong>globulos,</strong></span> <span class='ocrx_word' id='word_1_410' title='bbox 2825 2415 2838 2430; x_wconf 84' lang='lat'><em>⁰</em></span> 
     </span>
     <span class='ocr_line' id='line_1_79' title="bbox 1757 2498 2808 2563; baseline -0.001 -13"><span class='ocrx_word' id='word_1_411' title='bbox 1757 2509 1814 2550; x_wconf 87' lang='lat' dir='ltr'><strong>et</strong></span> <span class='ocrx_word' id='word_1_412' title='bbox 1853 2500 2022 2550; x_wconf 85' lang='lat' dir='ltr'><strong>omnia</strong></span> <span class='ocrx_word' id='word_1_413' title='bbox 2062 2499 2205 2549; x_wconf 86' lang='lat' dir='ltr'><strong>dicta</strong></span> <span class='ocrx_word' id='word_1_414' title='bbox 2226 2498 2468 2563; x_wconf 83' lang='lat' dir='ltr'><strong>factaque</strong></span> <span class='ocrx_word' id='word_1_415' title='bbox 2491 2500 2636 2563; x_wconf 86' lang='lat' dir='ltr'><strong>quasi</strong></span> <span class='ocrx_word' id='word_1_416' title='bbox 2655 2513 2808 2563; x_wconf 84' lang='lat' dir='ltr'><strong>papa-</strong></span> 
     </span>
     <span class='ocr_line' id='line_1_80' title="bbox 1757 2574 2812 2639; baseline 0 -15"><span class='ocrx_word' id='word_1_417' title='bbox 1757 2589 1881 2624; x_wconf 81' lang='lat' dir='ltr'><strong>vere</strong></span> <span class='ocrx_word' id='word_1_418' title='bbox 1904 2582 1960 2624; x_wconf 82' lang='lat' dir='ltr'><strong>et</strong></span> <span class='ocrx_word' id='word_1_419' title='bbox 1994 2588 2192 2625; x_wconf 86' lang='lat' dir='ltr'><strong>sesamo</strong></span> <span class='ocrx_word' id='word_1_420' title='bbox 2228 2574 2439 2638; x_wconf 86' lang='lat' dir='ltr'><strong>sparsa,&#39;</strong></span> <span class='ocrx_word' id='word_1_421' title='bbox 2473 2576 2672 2639; x_wconf 80' lang='lat' dir='ltr'><strong>antiqui</strong></span> <span class='ocrx_word' id='word_1_422' title='bbox 2704 2574 2812 2624; x_wconf 84' lang='lat' dir='ltr'><strong>dul·</strong></span> 
     </span>
     <span class='ocr_line' id='line_1_81' title="bbox 1763 2649 2812 2713; baseline 0 -12"><span class='ocrx_word' id='word_1_423' title='bbox 1763 2650 1930 2701; x_wconf 84' lang='lat' dir='ltr'><strong>ciariis</strong></span> <span class='ocrx_word' id='word_1_424' title='bbox 1953 2649 2214 2713; x_wconf 84' lang='lat' dir='ltr'><strong>operibus,</strong></span> <span class='ocrx_word' id='word_1_425' title='bbox 2250 2649 2410 2713; x_wconf 85' lang='lat' dir='ltr'><strong>palati</strong></span> <span class='ocrx_word' id='word_1_426' title='bbox 2449 2650 2639 2712; x_wconf 82' lang='lat' dir='ltr'><strong>gratia,</strong></span> <span class='ocrx_word' id='word_1_427' title='bbox 2673 2662 2812 2701; x_wconf 64' lang='lat' dir='ltr'><strong>sesan</strong></span> 
     </span>
     <span class='ocr_line' id='line_1_82' title="bbox 1763 2725 2810 2789; baseline -0.002 -14"><span class='ocrx_word' id='word_1_428' title='bbox 1763 2740 1900 2775; x_wconf 90' lang='lat' dir='ltr'><strong>mum</strong></span> <span class='ocrx_word' id='word_1_429' title='bbox 1929 2726 2228 2789; x_wconf 84' lang='lat' dir='ltr'><strong>aspersisse.</strong></span> <span class='ocrx_word' id='word_1_430' title='bbox 2293 2725 2615 2775; x_wconf 83' lang='lat' dir='ltr'><strong>Macedones</strong></span> <span class='ocrx_word' id='word_1_431' title='bbox 2643 2731 2810 2775; x_wconf 82' lang='lat' dir='ltr'><strong>tamen</strong></span> 
     </span>
     <span class='ocr_line' id='line_1_83' title="bbox 1766 2800 2815 2865; baseline -0.001 -13"><span class='ocrx_word' id='word_1_432' title='bbox 1766 2803 1834 2852; x_wconf 91' lang='lat' dir='ltr'><strong>ab</strong></span> <span class='ocrx_word' id='word_1_433' title='bbox 1855 2816 1945 2853; x_wconf 82' lang='lat' dir='ltr'><strong>esu</strong></span> <span class='ocrx_word' id='word_1_434' title='bbox 1965 2801 2164 2851; x_wconf 83' lang='lat' dir='ltr'><strong>Sesami</strong></span> <span class='ocrx_word' id='word_1_435' title='bbox 2183 2800 2497 2856; x_wconf 84' lang='lat' dir='ltr'><strong>abstinuere,</strong></span> <span class='ocrx_word' id='word_1_436' title='bbox 2513 2800 2603 2851; x_wconf 87' lang='lat' dir='ltr'><strong>sed</strong></span> <span class='ocrx_word' id='word_1_437' title='bbox 2621 2801 2815 2865; x_wconf 77' lang='lat' dir='ltr'><strong>liquore</strong></span> 
     </span>
     <span class='ocr_line' id='line_1_84' title="bbox 1766 2876 2813 2942; baseline -0.005 -14"><span class='ocrx_word' id='word_1_438' title='bbox 1766 2878 1889 2931; x_wconf 83' lang='lat' dir='ltr'><strong>inde</strong></span> <span class='ocrx_word' id='word_1_439' title='bbox 1909 2890 2170 2942; x_wconf 80' lang='lat' dir='ltr'><strong>expresso,</strong></span> <span class='ocrx_word' id='word_1_440' title='bbox 2189 2876 2332 2925; x_wconf 82' lang='lat' dir='ltr'><strong>velut</strong></span> <span class='ocrx_word' id='word_1_441' title='bbox 2348 2876 2464 2925; x_wconf 88' lang='lat' dir='ltr'><strong>oleo</strong></span> <span class='ocrx_word' id='word_1_442' title='bbox 2477 2882 2621 2925; x_wconf 84' lang='lat' dir='ltr'><strong>artus</strong></span> <span class='ocrx_word' id='word_1_443' title='bbox 2637 2876 2813 2925; x_wconf 79' lang='lat' dir='ltr'><strong>inunx-</strong></span> 
     </span>
     <span class='ocr_line' id='line_1_85' title="bbox 1771 2951 2816 3007; baseline -0.005 -2"><span class='ocrx_word' id='word_1_444' title='bbox 1771 2969 1879 3007; x_wconf 87' lang='lat' dir='ltr'><strong>ere.</strong></span> <span class='ocrx_word' id='word_1_445' title='bbox 1916 2956 2148 3005; x_wconf 67' lang='lat' dir='ltr'><strong>uadem.</strong></span> <span class='ocrx_word' id='word_1_446' title='bbox 2222 2951 2477 3003; x_wconf 83' lang='lat' dir='ltr'><strong>Videatur</strong></span> <span class='ocrx_word' id='word_1_447' title='bbox 2513 2951 2665 3001; x_wconf 86' lang='lat' dir='ltr'><strong>Atlas</strong></span> <span class='ocrx_word' id='word_1_448' title='bbox 2705 2952 2816 3001; x_wconf 78' lang='lat' dir='ltr'><strong>Ma·</strong></span> 
     </span>
     <span class='ocr_line' id='line_1_86' title="bbox 1762 3028 2814 3097; baseline -0.004 -15"><span class='ocrx_word' id='word_1_449' title='bbox 1762 3033 1851 3097; x_wconf 84' lang='lat' dir='ltr'><strong>jor</strong></span> <span class='ocrx_word' id='word_1_450' title='bbox 1872 3048 1990 3097; x_wconf 75' lang='lat' dir='ltr'><strong>pag.</strong></span> <span class='ocrx_word' id='word_1_451' title='bbox 2013 3036 2129 3082; x_wconf 77' lang='grc'><strong>346.</strong></span> <span class='ocrx_word' id='word_1_452' title='bbox 2147 3045 2216 3081; x_wconf 90' lang='grc' dir='ltr'>ιιι.</span> <span class='ocrx_word' id='word_1_453' title='bbox 2255 3029 2448 3079; x_wconf 77' lang='lat' dir='ltr'><strong>Ctesiae</strong></span> <span class='ocrx_word' id='word_1_454' title='bbox 2485 3028 2668 3079; x_wconf 85' lang='lat' dir='ltr'><strong>Indica</strong></span> <span class='ocrx_word' id='word_1_455' title='bbox 2699 3040 2814 3093; x_wconf 85' lang='lat' dir='ltr'><strong>cap.</strong></span> 
     </span>
     <span class='ocr_line' id='line_1_87' title="bbox 1775 3107 2107 3158; baseline -0.006 0"><span class='ocrx_word' id='word_1_456' title='bbox 1775 3114 1852 3158; x_wconf 87' lang='lat'><strong>11.</strong></span> <span class='ocrx_word' id='word_1_457' title='bbox 1884 3107 2107 3158; x_wconf 72' lang='lat' dir='ltr'><strong>Freinsh.</strong></span> 
     </span>
    </p>

    <p class='ocr_par' dir='ltr' id='par_1_11' title="bbox 1770 3177 2821 4151">
     <span class='ocr_line' id='line_1_88' title="bbox 1834 3177 2815 3244; baseline -0.002 -13"><span class='ocrx_word' id='word_1_458' title='bbox 1834 3179 2224 3244; x_wconf 71' lang='lat' dir='ltr'><strong>Pmngaoeoant]</strong></span> <span class='ocrx_word' id='word_1_459' title='bbox 2258 3179 2342 3229; x_wconf 85' lang='lat' dir='ltr'><strong>Ad</strong></span> <span class='ocrx_word' id='word_1_460' title='bbox 2375 3178 2710 3244; x_wconf 72' lang='lat' dir='ltr'><strong>mitigandum</strong></span> <span class='ocrx_word' id='word_1_461' title='bbox 2728 3177 2815 3229; x_wconf 86' lang='lat' dir='ltr'><strong>fri-</strong></span> 
     </span>
     <span class='ocr_line' id='line_1_89' title="bbox 1772 3254 2815 3323; baseline -0.005 -16"><span class='ocrx_word' id='word_1_462' title='bbox 1772 3273 1866 3323; x_wconf 74' lang='lat' dir='ltr'><strong>gus</strong></span> <span class='ocrx_word' id='word_1_463' title='bbox 1885 3258 2023 3323; x_wconf 84' lang='lat' dir='ltr'><strong>quod</strong></span> <span class='ocrx_word' id='word_1_464' title='bbox 2054 3264 2210 3307; x_wconf 85' lang='lat' dir='ltr'><strong>uncta</strong></span> <span class='ocrx_word' id='word_1_465' title='bbox 2241 3255 2472 3305; x_wconf 83' lang='lat' dir='ltr'><strong>membra</strong></span> <span class='ocrx_word' id='word_1_466' title='bbox 2507 3254 2815 3307; x_wconf 81' lang='lat' dir='ltr'><strong>commodius</strong></span> 
     </span>
     <span class='ocr_line' id='line_1_90' title="bbox 1770 3330 2816 3397; baseline -0.004 -14"><span class='ocrx_word' id='word_1_467' title='bbox 1770 3332 1976 3385; x_wconf 86' lang='lat' dir='ltr'><strong>ferunt:</strong></span> <span class='ocrx_word' id='word_1_468' title='bbox 2013 3340 2120 3383; x_wconf 88' lang='lat' dir='ltr'><strong>tum</strong></span> <span class='ocrx_word' id='word_1_469' title='bbox 2158 3331 2280 3397; x_wconf 86' lang='lat' dir='ltr'><strong>quia</strong></span> <span class='ocrx_word' id='word_1_470' title='bbox 2309 3333 2476 3381; x_wconf 85' lang='lat' dir='ltr'><strong>oleum</strong></span> <span class='ocrx_word' id='word_1_471' title='bbox 2507 3330 2666 3380; x_wconf 80' lang='lat' dir='ltr'><strong>habet</strong></span> <span class='ocrx_word' id='word_1_472' title='bbox 2685 3330 2816 3381; x_wconf 83' lang='lat' dir='ltr'><strong>calo·</strong></span> 
     </span>
     <span class='ocr_line' id='line_1_91' title="bbox 1771 3407 2815 3475; baseline -0.004 -16"><span class='ocrx_word' id='word_1_473' title='bbox 1771 3423 1880 3459; x_wconf 87' lang='lat' dir='ltr'><strong>rem</strong></span> <span class='ocrx_word' id='word_1_474' title='bbox 1901 3422 2050 3475; x_wconf 88' lang='lat' dir='ltr'><strong>quem</strong></span> <span class='ocrx_word' id='word_1_475' title='bbox 2071 3407 2278 3470; x_wconf 89' lang='lat' dir='ltr'><strong>corpori</strong></span> <span class='ocrx_word' id='word_1_476' title='bbox 2301 3407 2646 3457; x_wconf 85' lang='lat' dir='ltr'><strong>communicat</strong></span> <span class='ocrx_word' id='word_1_477' title='bbox 2660 3423 2675 3454; x_wconf 72' lang='grc' dir='ltr'><strong>ε</strong></span> <span class='ocrx_word' id='word_1_478' title='bbox 2708 3412 2815 3455; x_wconf 83' lang='lat' dir='ltr'><strong>tum</strong></span> 
     </span>
     <span class='ocr_line' id='line_1_92' title="bbox 1770 3479 2818 3547; baseline -0.005 -12"><span class='ocrx_word' id='word_1_479' title='bbox 1770 3485 1930 3535; x_wconf 86' lang='lat' dir='ltr'><strong>etiarn</strong></span> <span class='ocrx_word' id='word_1_480' title='bbox 1952 3482 2088 3547; x_wconf 85' lang='lat' dir='ltr'><strong>quod</strong></span> <span class='ocrx_word' id='word_1_481' title='bbox 2111 3496 2174 3531; x_wconf 90' lang='lat' dir='ltr'><strong>eo</strong></span> <span class='ocrx_word' id='word_1_482' title='bbox 2195 3480 2346 3530; x_wconf 88' lang='lat' dir='ltr'><strong>obliti</strong></span> <span class='ocrx_word' id='word_1_483' title='bbox 2366 3481 2482 3546; x_wconf 90' lang='lat' dir='ltr'><strong>pori</strong></span> <span class='ocrx_word' id='word_1_484' title='bbox 2503 3479 2704 3531; x_wconf 78' lang='lat' dir='ltr'><strong>facilius</strong></span> <span class='ocrx_word' id='word_1_485' title='bbox 2734 3494 2818 3531; x_wconf 84' lang='lat' dir='ltr'><strong>ex-</strong></span> 
     </span>
     <span class='ocr_line' id='line_1_93' title="bbox 1773 3556 2818 3621; baseline -0.002 -12"><span class='ocrx_word' id='word_1_486' title='bbox 1773 3560 1987 3609; x_wconf 85' lang='lat' dir='ltr'><strong>cludunt</strong></span> <span class='ocrx_word' id='word_1_487' title='bbox 2007 3565 2274 3607; x_wconf 79' lang='lat' dir='ltr'><strong>externum</strong></span> <span class='ocrx_word' id='word_1_488' title='bbox 2296 3557 2478 3621; x_wconf 71' lang='lat' dir='ltr'><strong>frigus.</strong></span> <span class='ocrx_word' id='word_1_489' title='bbox 2525 3558 2603 3608; x_wconf 83' lang='lat' dir='ltr'><strong>Ea</strong></span> <span class='ocrx_word' id='word_1_490' title='bbox 2625 3556 2818 3609; x_wconf 86' lang='lat' dir='ltr'><strong>ratione</strong></span> 
     </span>
     <span class='ocr_line' id='line_1_94' title="bbox 1776 3633 2818 3685; baseline -0.002 0"><span class='ocrx_word' id='word_1_491' title='bbox 1776 3634 1998 3685; x_wconf 84' lang='lat' dir='ltr'><strong>Annibal</strong></span> <span class='ocrx_word' id='word_1_492' title='bbox 2020 3634 2086 3683; x_wconf 87' lang='lat' dir='ltr'><strong>ad</strong></span> <span class='ocrx_word' id='word_1_493' title='bbox 2107 3633 2346 3684; x_wconf 88' lang='lat' dir='ltr'><strong>Trebiam</strong></span> <span class='ocrx_word' id='word_1_494' title='bbox 2369 3635 2556 3684; x_wconf 79' lang='lat' dir='ltr'><strong>vicisse</strong></span> <span class='ocrx_word' id='word_1_495' title='bbox 2571 3634 2818 3684; x_wconf 82' lang='lat' dir='ltr'><strong>Romanos</strong></span> 
     </span>
     <span class='ocr_line' id='line_1_95' title="bbox 1775 3708 2820 3775; baseline -0.001 -15"><span class='ocrx_word' id='word_1_496' title='bbox 1775 3711 1969 3775; x_wconf 77' lang='lat' dir='ltr'><strong>legitur</strong></span> <span class='ocrx_word' id='word_1_497' title='bbox 1990 3710 2128 3773; x_wconf 86' lang='lat' dir='ltr'><strong>apud</strong></span> <span class='ocrx_word' id='word_1_498' title='bbox 2157 3710 2364 3759; x_wconf 87' lang='lat' dir='ltr'><strong>Florum</strong></span> <span class='ocrx_word' id='word_1_499' title='bbox 2388 3723 2452 3760; x_wconf 90' lang='grc' dir='ltr'><strong>ιι.</strong></span> <span class='ocrx_word' id='word_1_500' title='bbox 2474 3714 2524 3758; x_wconf 78' lang='lat'><strong>6.</strong></span> <span class='ocrx_word' id='word_1_501' title='bbox 2544 3713 2626 3760; x_wconf 84' lang='grc'><strong>12.</strong></span> <span class='ocrx_word' id='word_1_502' title='bbox 2655 3710 2671 3737; x_wconf 92' lang='lat'>‘</span> <span class='ocrx_word' id='word_1_503' title='bbox 2695 3708 2820 3759; x_wconf 82' lang='lat' dir='ltr'><strong>Hos·</strong></span> 
     </span>
     <span class='ocr_line' id='line_1_96' title="bbox 1781 3784 2820 3849; baseline -0.001 -13"><span class='ocrx_word' id='word_1_504' title='bbox 1781 3794 1860 3836; x_wconf 89' lang='lat' dir='ltr'><strong>tes</strong></span> <span class='ocrx_word' id='word_1_505' title='bbox 1900 3785 2139 3849; x_wconf 81' lang='lat' dir='ltr'><strong>frigidum</strong></span> <span class='ocrx_word' id='word_1_506' title='bbox 2178 3791 2235 3834; x_wconf 90' lang='lat' dir='ltr'><strong>et</strong></span> <span class='ocrx_word' id='word_1_507' title='bbox 2273 3786 2493 3835; x_wconf 78' lang='lat' dir='ltr'><strong>nivalem</strong></span> <span class='ocrx_word' id='word_1_508' title='bbox 2519 3784 2656 3835; x_wconf 84' lang='lat' dir='ltr'><strong>nacti</strong></span> <span class='ocrx_word' id='word_1_509' title='bbox 2679 3784 2820 3847; x_wconf 83' lang='lat' dir='ltr'><strong>diem,</strong></span> 
     </span>
     <span class='ocr_line' id='line_1_97' title="bbox 1780 3858 2821 3927; baseline -0.002 -16"><span class='ocrx_word' id='word_1_510' title='bbox 1780 3876 1934 3927; x_wconf 86' lang='lat' dir='ltr'><strong>quum</strong></span> <span class='ocrx_word' id='word_1_511' title='bbox 1955 3876 2011 3911; x_wconf 84' lang='lat' dir='ltr'><strong>se</strong></span> <span class='ocrx_word' id='word_1_512' title='bbox 2034 3860 2235 3925; x_wconf 79' lang='lat' dir='ltr'><strong>ignibus</strong></span> <span class='ocrx_word' id='word_1_513' title='bbox 2260 3860 2397 3922; x_wconf 85' lang='lat' dir='ltr'><strong>prius</strong></span> <span class='ocrx_word' id='word_1_514' title='bbox 2427 3861 2642 3924; x_wconf 83' lang='lat' dir='ltr'><strong>oleoque</strong></span> <span class='ocrx_word' id='word_1_515' title='bbox 2675 3858 2821 3909; x_wconf 76' lang='lat' dir='ltr'><strong>sevis·</strong></span> 
     </span>
     <span class='ocr_line' id='line_1_98' title="bbox 1779 3934 2820 4000; baseline -0.002 -12"><span class='ocrx_word' id='word_1_516' title='bbox 1779 3944 1918 4000; x_wconf 88' lang='lat' dir='ltr'><strong>sent,</strong></span> <span class='ocrx_word' id='word_1_517' title='bbox 1937 3940 2037 3987; x_wconf 70' lang='grc' dir='ltr'>διο.</span> <span class='ocrx_word' id='word_1_518' title='bbox 2058 3945 2238 3986; x_wconf 89' lang='lat' dir='ltr'><strong>nostra</strong></span> <span class='ocrx_word' id='word_1_519' title='bbox 2258 3950 2349 3985; x_wconf 86' lang='lat' dir='ltr'><strong>nos</strong></span> <span class='ocrx_word' id='word_1_520' title='bbox 2373 3936 2538 3986; x_wconf 81' lang='lat' dir='ltr'><strong>hieme</strong></span> <span class='ocrx_word' id='word_1_521' title='bbox 2563 3934 2820 3987; x_wconf 83' lang='lat' dir='ltr'><strong>vicerunt.&#39;</strong></span> 
     </span>
     <span class='ocr_line' id='line_1_99' title="bbox 1781 4010 2820 4073; baseline -0.002 -10"><span class='ocrx_word' id='word_1_522' title='bbox 1781 4014 1866 4063; x_wconf 89' lang='lat' dir='ltr'><strong>De</strong></span> <span class='ocrx_word' id='word_1_523' title='bbox 1896 4012 2209 4063; x_wconf 86' lang='lat' dir='ltr'><strong>creberrimo</strong></span> <span class='ocrx_word' id='word_1_524' title='bbox 2233 4010 2370 4073; x_wconf 86' lang='lat' dir='ltr'><strong>apud</strong></span> <span class='ocrx_word' id='word_1_525' title='bbox 2394 4018 2595 4059; x_wconf 80' lang='lat' dir='ltr'><strong>veteres</strong></span> <span class='ocrx_word' id='word_1_526' title='bbox 2617 4011 2718 4060; x_wconf 86' lang='lat' dir='ltr'><strong>olei</strong></span> <span class='ocrx_word' id='word_1_527' title='bbox 2741 4026 2820 4061; x_wconf 75' lang='lat' dir='ltr'><strong>usu</strong></span> 
     </span>
     <span class='ocr_line' id='line_1_100' title="bbox 1781 4084 2730 4151; baseline -0.003 -12"><span class='ocrx_word' id='word_1_528' title='bbox 1781 4090 1938 4139; x_wconf 76' lang='lat' dir='ltr'><strong>etiam</strong></span> <span class='ocrx_word' id='word_1_529' title='bbox 1959 4089 2113 4151; x_wconf 78' lang='lat' dir='ltr'><strong>vulgo</strong></span> <span class='ocrx_word' id='word_1_530' title='bbox 2135 4084 2474 4137; x_wconf 86' lang='lat' dir='ltr'><strong>notissimum.</strong></span> <span class='ocrx_word' id='word_1_531' title='bbox 2510 4086 2730 4137; x_wconf 67' lang='lat' dir='ltr'><strong>Freiaslt.</strong></span> 
     </span>
    </p>

    <p class='ocr_par' dir='ltr' id='par_1_12' title="bbox 1784 4160 2820 4303">
     <span class='ocr_line' id='line_1_101' title="bbox 1845 4160 2820 4227; baseline 0 -16"><span class='ocrx_word' id='word_1_532' title='bbox 1845 4165 1957 4227; x_wconf 75' lang='lat'><strong>§2⁴</strong></span> <span class='ocrx_word' id='word_1_533' title='bbox 2001 4161 2160 4223; x_wconf 81' lang='lat' dir='ltr'><strong>Siros]</strong></span> <span class='ocrx_word' id='word_1_534' title='bbox 2200 4160 2430 4209; x_wconf 87' lang='lat' dir='ltr'><strong>Fuerunt</strong></span> <span class='ocrx_word' id='word_1_535' title='bbox 2468 4161 2675 4209; x_wconf 87' lang='lat' dir='ltr'><strong>scrobes</strong></span> <span class='ocrx_word' id='word_1_536' title='bbox 2717 4161 2820 4217; x_wconf 59' lang='lat' dir='ltr'><strong>suh·⁸</strong></span> 
     </span>
     <span class='ocr_line' id='line_1_102' title="bbox 1784 4236 2820 4303; baseline -0.004 -12"><span class='ocrx_word' id='word_1_537' title='bbox 1784 4244 2056 4303; x_wconf 66' lang='lat' dir='ltr'><strong>terranem,</strong></span> <span class='ocrx_word' id='word_1_538' title='bbox 2093 4240 2176 4289; x_wconf 80' lang='lat' dir='ltr'><strong>vel</strong></span> <span class='ocrx_word' id='word_1_539' title='bbox 2209 4236 2492 4302; x_wconf 79' lang='lat' dir='ltr'><strong>speluncae‚</strong></span> <span class='ocrx_word' id='word_1_540' title='bbox 2513 4237 2594 4285; x_wconf 82' lang='lat' dir='ltr'><strong>vel</strong></span> <span class='ocrx_word' id='word_1_541' title='bbox 2615 4244 2820 4302; x_wconf 70' lang='lat' dir='ltr'><strong>cryptae,</strong></span> 
     </span>
    </p>
   </div>
  </div>
 </body>
</html>
