3222 4944
590 378 763 444 1524

587 534 755 584 milius
794 532 1140 588 scribendum,
1194 535 1315 597 quod
1353 548 1532 596 semper
1584 535 1645 583 ob

584 610 991 659 immortalitatem
1002 608 1307 666 subducitur,-
1328 608 1379 657 id
1395 617 1492 671 est,
1506 608 1644 673 quod

585 686 925 746 subtrahitur,
979 692 1037 734 ut
1092 685 1375 733 immortale
1423 694 1647 741 maneat,

581 762 720 812 sicut
754 769 837 813 est
866 770 1070 810 natura.
1104 760 1286 825 Sclieff.
1356 760 1493 816 Quod
1524 774 1646 809 aem-

576 852 667 899 per
702 838 1009 901 mortalitati]
1055 837 1109 887 Si
1150 843 1353 886 constat
1389 837 1646 899 scriptura

582 926 771 976 corpus
802 913 1123 975 intelligitur,
1158 912 1297 976 qiiod
1338 925 1526 976 expers
1551 914 1645 962 im·

582 988 915 1038 mortalitatis
946 988 1184 1050 sepulcro
1208 986 1450 1038 infertur.
1518 990 1646 1049 Alii,

580 1066 705 1127 quod
748 1064 1032 1113 mortalitati
1071 1064 1365 1125 subducitur,
1400 1078 1491 1115 aut
1522 1068 1645 1129 quod

578 1140 640 1188 ab
656 1140 1015 1189 ivumortatitate
1028 1142 1169 1189 morti
1186 1142 1483 1203 subducitur,
1500 1149 1559 1191 ut
1576 1141 1641 1190 ad

578 1230 767 1265 nomeu
790 1224 845 1265 et
864 1216 1072 1278 gloriam
1089 1215 1373 1279 referatur3
1395 1216 1484 1265 sed
1512 1232 1644 1281 pre-

578 1297 683 1340 stat
737 1292 903 1354 prima
970 1290 1036 1341 de
1090 1306 1307 1356 corpore
1363 1293 1644 1342 sententia.

584 1368 759 1419 cellar.
826 1368 969 1417 Beue
1004 1368 1103 1419 Ms.
1136 1370 1391 1419 reducitur.
1461 1369 1642 1417 Frein-

580 1443 804 1491 shemius
840 1444 993 1505 male,
1023 1446 1376 1494 ivuntortalitati
1427 1445 1641 1494 subduci-

578 1522 677 1567 tar.
745 1518 903 1567 ovid.
926 1519 995 1568 de
1018 1519 1250 1569 Hercule
1274 1521 1327 1569 in
1360 1522 1486 1571 OEta
1508 1520 1644 1571 Met.

579 1608 664 1645 lx.
706 1596 949 1646 Heinsius.

646 1670 802 1727 Quam
822 1676 944 1735 qaod
979 1686 1159 1735 semper
1191 1674 1251 1721 ab
1288 1670 1643 1720 immortalitate

577 1746 875 1808 subducitur]
907 1748 1059 1809 Sunt,
1082 1748 1169 1811 qui
1200 1746 1284 1795 liic
1322 1746 1425 1809 legi
1448 1745 1641 1794 debere

578 1832 809 1881 censent,
856 1826 980 1885 quod
1022 1840 1053 1872 a
1093 1823 1383 1871 mortalitate
1418 1822 1638 1871 manci·

574 1900 690 1953 tur:
723 1897 829 1957 alil,
846 1900 965 1959 quod
986 1898 1337 1946 immortalitati
1353 1914 1372 1955 ,-
1394 1897 1500 1957 alii,
1516 1898 1640 1959 quoa

574 1972 861 2022 mortalitati
878 1988 900 2029 ;
935 1973 1041 2034 aiii,
1060 1974 1180 2036 quod
1202 1972 1260 2021 ab
1282 1974 1638 2022 immortalitate

572 2047 719 2095 morti
736 2046 1024 2096 subducitur.
1074 2048 1314 2095 Universi
1340 2061 1519 2109 parum
1536 2048 1636 2096 sci-

575 2126 651 2180 te,
666 2120 820 2169 immo
844 2122 1081 2183 pessime.
1118 2120 1515 2172 Consideremus
1536 2137 1635 2186 age

574 2195 738 2244 totius
776 2196 1019 2245 orationis
1063 2197 1269 2259 seriem,
1310 2203 1369 2245 ut
1409 2198 1637 2259 eluceat,

572 2272 853 2321 temerario
875 2286 997 2321 ausu
1014 2272 1149 2322 huuc
1173 2273 1339 2322 Ιοειιιιι
1356 2273 1634 2336 elegantiae

572 2344 921 2406 plenissimum
944 2348 1097 2412 vulgo
1121 2348 1405 2397 sollicitari.
1474 2347 1634 2396 vide-

572 2419 699 2468 licet
722 2420 977 2470 Perdicca
998 2422 1063 2470 de
1084 2421 1283 2471 duobus
1308 2423 1495 2472 milites
1517 2422 1633 2471 lior-

572 2500 737 2556 tatur,
760 2497 977 2558 primum
996 2507 1052 2548 ut
1074 2500 1179 2561 regi
1195 2500 1477 2562 sepulturas
1488 2499 1635 2563 justa

572 2573 893 2636 persolvant,
946 2573 1133 2624 deiude
1186 2581 1245 2623 ut
1288 2575 1523 2636 cogitent
1565 2575 1632 2622 de

570 2658 867 2696 successore
902 2649 953 2697 iu
991 2656 1189 2698 tantum
1210 2648 1473 2710 fastigium
1510 2662 1630 2696 eve-

570 2721 759 2770 hendo.
841 2722 995 2770 Prius
1038 2737 1154 2770 cum
1202 2730 1414 2783 tractat,
1460 2723 1632 2772 aulica

570 2795 789 2858 quadam
816 2796 1096 2858 hyperbole
1120 2795 1434 2858 persuadere
1452 2797 1630 2846 studet

565 2869 1016 2930 commilitonibus,
1034 2869 1220 2919 divium
1238 2870 1449 2932 originis
1474 2869 1630 2918 fuisse

564 2942 939 3005 Alexandrum,
963 2957 1025 2992 ac
1049 2945 1189 2992 Deos
1218 2945 1380 2993 solum
1404 2957 1648 2994 comino--

564 3015 716 3065 darae
739 3030 856 3065 eum
888 3016 1280 3081 Macedonibus,
1312 3031 1445 3068 nunc
1477 3032 1628 3082 repe·

562 3091 709 3141 tiisse
751 3099 1009 3156 tamquam
1050 3109 1217 3156 suurn,
1258 3093 1309 3143 id
1357 3101 1454 3150 est,
1496 3102 1625 3144 tam-

564 3179 715 3228 quam
762 3167 983 3232 aliquem
1024 3169 1238 3218 deorum
1282 3181 1348 3218 ex
1389 3183 1621 3219 numero.

560 3241 775 3291 Proinde
808 3243 907 3308 (ita
936 3244 1049 3308 jam
1083 3242 1281 3308 pergit)
1302 3246 1521 3308 quoniam
1546 3246 1624 3293 ai·

564 3315 637 3364 llil
671 3316 801 3367 aliud
830 3332 893 3367 ex
924 3333 979 3368 eo
1010 3319 1211 3384 (nobis)
1232 3325 1461 3386 superea,
1482 3335 1624 3384 quam

559 3393 683 3454 quod
699 3408 881 3458 smper
900 3395 960 3444 ab
980 3396 1337 3446 iinmortalitate
1368 3395 1493 3460 (boc
1526 3404 1624 3456 est,

560 3468 1357 3534 immortalitati)subducitur,(id
1374 3479 1472 3532 est,
1486 3473 1622 3535 quod

560 3554 838 3604 numquam
864 3550 1083 3592 mortem
1124 3543 1329 3606 effugit,
1351 3557 1447 3592 uec
1470 3547 1624 3594 morti

560 3613 789 3662 subtrahi
805 3622 1000 3677 potest,
1018 3617 1329 3666 Germanice
1347 3618 1622 3680 dasjeaige,

557 3703 610 3736 so
628 3687 863 3749 jederzeit
884 3691 973 3737 der
998 3690 1373 3751 Unsterbligkeit
1395 3695 1622 3752 επιτομε

558 3764 720 3813 wird:
771 3762 955 3826 igitur)
996 3765 1179 3826 corpori
1211 3763 1330 3828 (hoc
1364 3765 1499 3814 euim
1538 3772 1622 3814 est

556 3839 703 3901 illud,
724 3837 860 3902 quod
898 3851 988 3886 rex
1024 3837 1168 3886 uobis
1200 3839 1425 3901 reliquit,
1458 3841 1620 3902 quod-

470 3915 477 3922 '
558 3928 658 3979 que
680 3928 884 3978 semper
922 3914 987 3964 ab
1022 3913 1408 3963 immortalitate
1431 3915 1618 3965 subdu·

558 3989 711 4048 citur,
732 3988 828 4037 hoc
860 3995 961 4050 est,
996 3988 1080 4037 cui
1116 3987 1241 4035 mori
1276 4001 1487 4036 necesse
1513 3989 1620 4055 est)

557 4063 825 4127 nominique
841 4079 979 4128 quam
994 4063 1199 4128 primum
1210 4062 1347 4125 justa
1367 4067 1618 4117 solvamus.

558 4138 721 4188 Simili
740 4140 938 4189 ratione
957 4139 1157 4188 Plinius
1172 4139 1428 4189 secundus
1448 4141 1618 4204 Epist.

560 4223 625 4260 u.
652 4217 730 4262 1⁰.
768 4212 923 4276 dixit,
956 4216 973 4246 ‘
995 4215 1243 4266 Assercrc
1278 4223 1329 4265 te
1368 4231 1399 4264 a
1426 4225 1617 4267 morta-

1280 393 1490 441 NO'rAE
1542 394 1938 445 VAmonuM
1992 397 2068 445 ΙΝ

1717 536 1868 585 litate
1891 542 2038 599 potes
2077 535 2174 585 boc
2201 548 2302 585 uuo
2335 536 2704 595 moun-ento,’
2723 533 2778 586 id

1721 618 1820 672 est,
1842 624 2027 661 nomen
2061 622 2204 661 tuum
2237 612 2539 661 mortalitati
2578 612 2781 662 subtra-

1720 685 1864 745 here,
1897 692 1953 735 et
1973 688 2122 750 quasi
2143 686 2364 749 eripere,
2394 686 2552 749 idque
2575 687 2782 737 immor·

1723 761 1826 809 tale
1849 760 2072 810 reddere
2094 768 2263 824 potes.
2311 760 2400 811 Sic
2421 776 2647 822 omnem,
2667 763 2782 827 opi·

1721 851 1833 899 nor,
1853 838 2126 900 caliginem
2147 837 2266 887 huic
2282 839 2400 887 loco
2423 838 2780 903 absterritum,

1721 921 1776 962 et
1797 914 1946 963 simul
1981 912 2168 978 (liceat
2205 914 2338 963 enim
2379 915 2500 963 mibi
2532 914 2630 964 hac
2667 916 2781 978 ipsa

1718 988 1944 1038 dictione
1969 988 2072 1052 uti)
2091 994 2196 1038 tam
2228 989 2531 1051 preclarum
2557 990 2724 1039 iocum
2747 1004 2780 1038 a

1720 1064 1948 1126 periculo
1971 1064 2281 1127 corruptele
2309 1070 2364 1112 et
2405 1064 2646 1113 violentis
2667 1078 2778 1113 cor·

1721 1146 1978 1189 rectorum
1997 1138 2232 1189 manibus
2251 1138 2587 1188 subduximus
2605 1154 2622 1189 =
2660 1154 2776 1189 cum

1721 1228 1844 1264 vero
1879 1213 2202 1263 subducendi
2239 1213 2450 1263 verbum
2481 1212 2596 1262 fere
2617 1214 2776 1263 dandi

1719 1291 1860 1339 casui
1876 1289 2145 1353 jungatur,
2167 1288 2252 1353 (ιιι
2266 1289 2414 1338 Curt.
2437 1302 2492 1337 v.
2513 1293 2566 1339 2.
2593 1293 2671 1337 15.
2697 1302 2776 1341 vt.

1719 1367 1766 1413 8.
1787 1368 1836 1412 4.
1863 1376 1944 1412 ix.
1961 1368 2012 1415 4.
2039 1369 2117 1415 18.
2149 1364 2334 1427 virgil.
2348 1364 2460 1413 AEu.
2475 1378 2514 1413 ι.
2537 1362 2679 1427 655.)
2700 1364 2776 1413 in·

1717 1440 1836 1488 cido
1853 1440 1904 1488 iu
1922 1440 2172 1503 originem
2197 1440 2384 1489 errori·
2399 1440 2730 1496 criticorum,
2745 1456 2778 1490 a
2881 1484 2887 1491 .

1717 1528 1819 1578 quo
1842 1514 1905 1563 ad
1933 1523 2130 1564 temere
2167 1513 2510 1564 invadendum
2535 1529 2597 1563 ac
2621 1518 2772 1565 miae-

1717 1604 1776 1640 re
1812 1592 2136 1641 tractandum
2181 1592 2315 1640 huuc
2359 1592 2525 1641 iocum
2571 1590 2778 1653 abrepti

1715 1666 1988 1717 videntur:
2024 1682 2192 1732 neque
2215 1669 2350 1717 euim
2375 1669 2425 1717 iu
2451 1676 2674 1718 mentem
2697 1668 2772 1731 ip-

1712 1743 1780 1791 sis
1814 1745 2014 1791 venisse
2053 1742 2273 1799 videtur,
2312 1744 2411 1793 hoc
2449 1752 2628 1793 nostro
2659 1745 2776 1793 loco

1710 1818 1772 1866 ab
1787 1817 2142 1868 immortalitate
2163 1819 2386 1881 positum
2409 1831 2520 1867 esse
2555 1834 2649 1881 pro
2681 1820 2774 1867 im·

1711 1894 1994 1943 mortalitati
2006 1910 2026 1952 ‚-
2057 1908 2172 1945 cum
2197 1900 2366 1944 tamen
2389 1894 2690 1958 proepositio
2709 1894 2772 1944 ab

1713 1969 1794 2017 vel
1816 1985 1847 2018 a
1864 1983 1964 2019 uon
1983 1984 2188 2034 semper
2208 1970 2463 2033 significet
2483 1970 2770 2033 subjectum

1711 2058 1884 2107 agens,
1933 2046 2026 2093 sed
2071 2046 2328 2094 interdum
2386 2044 2667 2108 objectum,
2715 2054 2774 2095 ut

1709 2118 2016 2168 scholastice
2055 2119 2257 2183 loquar.
2337 2118 2475 2168 Audi
2522 2119 2600 2171 Μ.
2633 2120 2771 2171 ΤιιΙΙ.

1711 2194 1862 2244 Orat.
1887 2210 1980 2257 pro
1997 2196 2074 2244 M.
2095 2196 2328 2245 Marcell.
2345 2211 2461 2259 cap.
2485 2200 2562 2247 1⁰.
2593 2198 2612 2225 ⁴
2629 2212 2770 2247 arma

1710 2270 1776 2320 ab
1799 2271 1914 2319 aliis
1939 2272 2128 2333 posita,
2147 2270 2213 2320 ab
2232 2272 2346 2320 aliis
2367 2271 2443 2336 (id
2468 2279 2566 2333 est,
2591 2280 2604 2301 ⁸
2623 2273 2736 2322 aliis
2753 2274 2770 2297 ⁸

1709 2347 1760 2394 in
1784 2345 1990 2409 dativo)
2013 2356 2198 2410 erepta
2222 2346 2379 2397 suut.’
2445 2346 2636 2396 Confer
2659 2348 2768 2395 Pli-

1707 2420 1782 2470 nii
1808 2421 1966 2469 verba
1989 2420 2138 2470 modo
2162 2420 2389 2476 laudata,
2425 2428 2479 2469 et
2499 2420 2618 2471 soh.
2637 2421 2768 2471 Vor-

1707 2496 1862 2546 stium
1885 2495 1952 2544 de
1979 2497 2146 2546 Latin.
2169 2498 2352 2546 merito
2374 2511 2512 2559 susp.
2535 2511 2652 2560 cap.
2685 2502 2765 2548 13.

1709 2571 1820 2634 ipse
1868 2572 2078 2620 Curtius
2117 2587 2297 2636 pamm
2340 2572 2547 2622 diverso
2599 2576 2770 2636 modo,

1704 2659 1805 2695 νιι.
1827 2650 1881 2696 6.
1899 2650 1951 2696 4.
1986 2655 2001 2677 ⁴
2021 2647 2135 2697 Nec
2157 2647 2402 2697 barbaros
2429 2647 2623 2696 fefellit
2645 2649 2766 2698 sub·

1705 2721 1893 2770 ductus
1918 2735 1982 2769 ex
2007 2723 2116 2770 acie
2151 2723 2277 2770 rex)
2341 2721 2612 2772 Hactenus
2634 2725 2765 2773 satis

1706 2796 1868 2842 multa
1923 2795 2031 2843 dixi
2087 2809 2181 2857 pro
2235 2795 2544 2846 vindicanda
2597 2798 2768 2848 Curtii

1705 2869 1980 2930 scriptura,
2021 2885 2137 2933 quae
2180 2872 2334 2934 vulgo
2380 2873 2766 2924 circumfertur.

1709 2942 1977 2992 Heumann.
2041 2945 2249 3007 Par-erg.
2281 2948 2406 2996 Crit.
2431 2947 2588 2998 Hebd-
2627 2964 2680 2998 v.
2712 2967 2764 3014 p.

1702 3021 1786 3068 94.
1859 3019 2054 3069 Omnes
2101 3029 2272 3070 tamen
2313 3024 2441 3073 Mss-
2481 3026 2664 3082 nostri,
2707 3035 2764 3076 et

1701 3093 1954 3158 Bongars.
1973 3102 2028 3144 et
2047 3095 2212 3146 Modii
2236 3107 2488 3161 reponunt
2505 3101 2764 3162 seducitur,

1702 3168 1839 3231 quod
1865 3171 2050 3219 merito
2075 3171 2316 3234 probavit
2344 3173 2476 3224 Nob.
2499 3173 2760 3230 Heinsius,

1699 3249 1756 3290 et
1776 3243 2014 3294 sedtoeitar
2033 3244 2093 3294 ὠ
2117 3246 2474 3298 immortalitate
2494 3257 2595 3309 est,
2619 3265 2760 3300 amo-

1701 3327 1866 3381 vetur,
1899 3329 2192 3386 separatur,
2225 3337 2324 3373 nec
2362 3325 2655 3377 admittitur
2693 3327 2760 3376 ad

1697 3393 2156 3457 immortalitatem,
2179 3412 2332 3460 quum
2358 3400 2477 3448 Divi
2499 3403 2762 3464 recipiun-

1697 3476 1800 3530 tur,
1843 3469 2094 3532 quidquid
2133 3483 2199 3516 ea
2239 3481 2500 3533 conceptu
2535 3475 2758 3525 humano

1697 3548 1995 3590 concretum
2021 3539 2194 3588 fuerat
2215 3542 2268 3590 iu
2291 3557 2476 3606 corpus
2499 3547 2717 3597 mortale
2738 3565 2752 3595 ε

1695 3614 1832 3677 quod
1873 3627 1938 3663 ex
1996 3613 2240 3666 Herculis
2292 3616 2546 3668 ἀποδώσει
2591 3626 2756 3674 menti

1693 3703 1822 3738 mese
1839 3689 1924 3737 hic
1939 3689 2024 3738 ille
2042 3691 2415 3756 elegantiarum
2429 3703 2579 3758 pater
2591 3697 2753 3748 Hein-

1692 3763 1796 3811 sius
1835 3763 2143 3826 simpliciter
2174 3769 2448 3832 suggessit,
2487 3777 2544 3819 et
2585 3774 2754 3835 expli-

1691 3837 1860 3886 cuisse
1907 3837 2142 3890 videtur:
2179 3842 2260 3891 Αιι
2301 3841 2418 3892 falsi
2458 3851 2596 3907 suut,
2629 3847 2754 3910 qnia

1690 3913 1824 3964 hauc
1866 3917 2009 3966 verbi
2045 3919 2144 3967 vim
2185 3933 2284 3968 non
2321 3921 2554 3972 adsecuti
2589 3926 2752 3974 suut?

1691 4003 1808 4038 nam
1849 3999 1905 4041 et
1943 3993 2019 4042 alc
2053 3994 2187 4056 apud
2226 3995 2468 4060 Propert.
2509 4011 2548 4046 ι.
2582 4003 2634 4047 9.
2666 4002 2750 4047 89.

1690 4064 1706 4091 ⁴
1725 4065 2012 4116 subducere
2031 4065 2046 4090 ’
2079 4069 2362 4132 legebatur.
2430 4071 2590 4122 Ovid.
2611 4071 2746 4122 Met.

1689 4145 1882 4192 n-ssill.
1903 4149 1962 4190 et
1979 4143 2184 4206 passim.
2207 4143 2354 4194 Saule.

1760 4218 1958 4280 Corpori
1977 4217 2234 4282 ”uinique
2253 4234 2390 4283 qaam
2399 4219 2748 4284 primu-justa
