3222 4944
1065 436 1147 487 ω
1196 436 1271 498 e.
1312 430 1579 485 cuu'rn
1630 434 1782 485 mu.
1823 428 1914 483 11.
2432 410 2607 488 158⁵

740 672 848 741 IV.
890 674 1231 739 Alexander
1252 676 1403 739 Diis
1426 682 1601 755 utque
1627 674 1902 735 heroibus
1925 692 2098 737 sacra
2107 674 2298 755 jecit.

416 804 493 867 ΙΝ
526 805 735 866 mediis
762 804 1142 885 Hellesponti
1168 804 1449 866 fluctibus
1472 820 1498 848 ⁸
1538 804 1671 865 Diis
1695 804 1876 865 maris
1905 824 2077 865 sacra
2105 800 2265 878 fecit,
2292 814 2354 868 et
2375 802 2610 865 delatus

409 904 477 966 in
500 903 923 976 continentem,
954 903 1012 962 in
1052 902 1335 964 hostilem
1376 920 1587 982 agrum
1630 900 1900 981 jaculum
1943 901 2234 973 immisit?
2269 903 2615 984 primusque

408 998 493 1061 de
520 1002 657 1061 navi
682 999 997 1079 prosiliens
1028 1000 1193 1060 Deos
1218 1010 1496 1079 precatus
1517 1010 1545 1037 ‘²
1580 1010 1698 1070 est,
1727 1018 1806 1059 ne
1835 1018 1900 1058 se
1927 1016 2128 1079 regem
2157 998 2276 1058 illae
2306 1010 2478 1059 terrae
2521 998 2614 1057 in·

408 1098 601 1157 vitum
626 1097 985 1177 acciperent.
1072 1096 1144 1155 In
1176 1095 1286 1157 llio
1314 1116 1555 1176 quoque
1586 1095 1666 1157 ad
1695 1094 1956 1157 tumulos
1995 1088 2292 1171 heroun1,⁴
2331 1096 2436 1179 qui
2469 1094 2620 1157 Tro·

404 1192 554 1278 jano
578 1192 739 1255 bello
768 1192 1131 1267 ceciderant,
1158 1192 1523 1274 parentavit.

481 1364 507 1392 ⁸
538 1358 599 1408 In
623 1356 793 1407 maiis
806 1356 1067 1423 fluetibus]
1114 1356 1367 1421 Neptuno
1406 1356 1483 1407 ibi
1553 1354 1796 1419 Achillis,
1849 1370 2004 1423 quem
2043 1356 2256 1408 felicem
2293 1355 2622 1423 predicavit,

414 1442 474 1484 et
492 1431 813 1484 Nereidibus
832 1430 1165 1483 sacrificavit.
1228 1430 1351 1482 vid.
1386 1430 1484 1483 Ar·
1554 1432 1695 1497 quod
1730 1433 1878 1483 vivus
1899 1433 2122 1485 amicum
2145 1433 2464 1492 Patroclum,
2485 1446 2622 1483 mor-

418 1510 548 1561 rlsu.
577 1524 629 1572 p.
651 1512 735 1561 32.
1556 1515 1677 1557 tuus
1698 1508 1984 1558 Homerum
2010 1524 2306 1571 praecouem
2345 1509 2624 1561 invenerit.

482 1585 509 1620 Ι»
552 1587 778 1637 Jucraum
806 1582 1031 1648 mint]
1078 1583 1278 1637 Justin.
1314 1596 1395 1635 n.
1430 1589 1482 1635 5.
1554 1584 1676 1634 vid.
1698 1584 1810 1634 Cic.
1831 1598 1927 1647 pro
1951 1583 2113 1634 Arch.
2149 1602 2198 1636 c.
2233 1590 2314 1635 10.
2351 1584 2624 1636 Plutarch.

422 1668 503 1715 lo.
1558 1659 1616 1709 iu
1639 1660 1796 1710 Alex.
1830 1660 2039 1710 Priamo
2055 1662 2213 1711 etism
2239 1661 2304 1710 sd
2319 1661 2468 1713 Jovis
2492 1662 2626 1710 Her-

426 1800 435 1813 ,
486 1748 510 1775 ⁶
542 1742 675 1790 Deos
712 1738 955 1803 precatus]
984 1739 1108 1793 Jovi
1146 1738 1493 1803 Ἀποβοτηρίφ,
1558 1738 1630 1787 cii
1655 1752 1796 1787 eram
1815 1735 2132 1786 sacrificasse
2153 1736 2368 1794 dicitur,
2393 1744 2452 1787 ut
2487 1735 2626 1788 illius

423 1814 727 1880 Desa-cneori,
750 1824 805 1865 et
826 1816 1098 1879 Minervae,
1119 1831 1180 1865 ac
1204 1815 1421 1866 Herculi
1436 1814 1490 1863 iu
1558 1814 1691 1864 iram
1749 1814 1996 1862 adversus
2055 1814 2390 1877 Neoptolemi
2441 1826 2626 1877 proge-

423 1908 490 1944 eo
546 1894 681 1955 loce,
736 1886 827 1940 ubi
881 1892 1247 1957 exscendent,
1303 1892 1489 1942 altaria
1560 1888 1802 1954 niem,sd
1825 1902 1980 1953 quam
2002 1888 2119 1952 ipse
2149 1888 2502 1954 pertingebat,
2537 1888 2628 1939 de-

418 1972 633 2025 struxit.
696 1968 785 2019 Ite
804 1966 1016 2019 Arriau.
1554 1972 1884 2031 precaretur.
1949 1964 2037 2015 Its
2059 1962 2270 2017 Arrian-

486 2046 511 2086 ἃ
550 2047 632 2099 Ad
672 2046 875 2097 tumulos
916 2044 1132 2109 heroum]
1184 2042 1486 2097 Praesertim

956 2238 1035 2304 V.
1076 2242 1379 2305 Proelium
1405 2244 1489 2307 ad
1508 2262 1734 2307 omnem
1764 2245 2112 2309 Granicum.

428 2372 529 2431 Ex
572 2368 687 2432 Ilio
714 2390 819 2432 rex
846 2354 1154 2444 'Arisbem⁸
1192 2371 1292 2431 ubi
1322 2382 1521 2431 castra
1547 2372 1829 2447 habebat,
1859 2376 2135 2435 revertit:
2179 2372 2316 2435 iude
2347 2372 2632 2457 Lampsa·

427 2487 566 2531 cum
595 2466 1075 2551 praetergressus',
1104 2467 1200 2528 cui
1230 2468 1503 2549 ignovit,⁸’
1546 2469 1625 2529 ad
1658 2468 1983 2532 Granicum
2006 2485 2030 2511 ⁰
2070 2493 2303 2533 amnem
2344 2468 2528 2544 venit,
2565 2470 2632 2530 in

430 2567 603 2646 cujus
633 2567 821 2628 altera
849 2567 979 2647 ripa
1004 2565 1241 2626 hostilis
1272 2567 1567 2628 exercitus
1615 2569 1814 2628 stabat
1850 2570 2163 2628 transitum
2202 2569 2632 2648 prohibiturus.

434 2664 774 2726 Alexander
790 2665 1085 2725 instructa
1112 2664 1239 2724 acie
1266 2661 1577 2744 ingressus
1603 2665 1847 2738 flumen,
1877 2683 2098 2744 magno
2121 2666 2255 2724 nisu
2280 2666 2338 2724 in
2370 2663 2636 2725 altiorem

434 2761 623 2842 ripam
666 2761 883 2834 evasit,
930 2760 1269 2840 Persaeque
1315 2760 1554 2822 tandem
1598 2779 1722 2820 non
1773 2763 1900 2821 sine
1947 2781 2059 2821 suo
2105 2763 2392 2842 periculo,
2421 2778 2636 2840 exque

434 2858 631 2919 Clitus
660 2853 1047 2932 servaverat,¹¹
1090 2858 1153 2918 in
1180 2858 1383 2938 fugam
1418 2857 1720 2939 conjecit‚e
1757 2859 2173 2919 circumventis
2204 2859 2381 2920 etiam
2411 2877 2636 2920 merce-

438 2955 647 3028 nariis,
693 2956 795 3036 qui
843 2956 1023 3036 globo
1070 2955 1230 3016 facto
1277 2955 1609 3018 diutissime
1659 2967 2156 3036 repugnaverant.
2241 2956 2642 3017 Barbarorum

438 3051 783 3115 ceciderunt
810 3052 1019 3132 viginti
1038 3063 1100 3112 et
1114 3052 1236 3113 duo
1253 3054 1473 3114 millia:
1502 3054 1910 3114 Macedonum
1941 3052 2356 3115 tantummodo
2378 3069 2636 3112 xxxxv.

438 3161 507 3211 ut
534 3150 895 3210 Plutarchus
924 3169 997 3210 ex
1022 3148 1365 3209 Aristobulo
1392 3148 1661 3209 tradidit.
1745 3151 1916 3230 Fuga
1951 3151 2162 3230 elapsi,
2213 3149 2274 3208 in
2320 3149 2538 3228 quibus
2581 3159 2644 3207 et

444 3249 739 3306 Memnon
768 3257 915 3313 erat,
946 3245 1222 3304 Miletum
1250 3254 1660 3324 perrexerunt,
1687 3255 1751 3306 et
1777 3246 2286 3306 Halicarnassum.

508 3388 777 3452 *Ar-isba]
792 3387 1061 3452 Oppidum
1076 3387 1319 3454 Troadis,
1338 3390 1390 3439 in
1406 3389 1511 3440 Bo·
1582 3406 1700 3442 cnm
1723 3391 1864 3441 illum
1900 3392 2032 3454 alius
2053 3391 2120 3440 ab
2143 3395 2293 3452 tergo
2330 3389 2514 3453 petiit:
2553 3406 2643 3441 cu-

442 3482 607 3532 rcum,
624 3481 787 3531 supra
807 3465 965 3516 Illum
994 3467 1168 3517 situm.
1570 3468 1662 3532 jus
1683 3481 1890 3516 manum
1915 3467 2085 3517 Clitus
2107 3466 2418 3529 amputavit.
2487 3467 2646 3518 Hunc

506 3545 532 3582 Β
561 3547 889 3608 lampsacena,
907 3543 985 3592 cui
999 3543 1213 3606 ignovit]
1232 3543 1368 3594 Vide
1392 3560 1509 3610 qum
1582 3551 1596 3574 ⁸
1619 3545 1922 3595 Rhosacen’
1967 3545 2176 3595 Curtius
2219 3552 2390 3610 vocet,
2432 3557 2558 3596 vm.
2597 3549 2647 3597 1.

446 3621 671 3672 diximus
692 3620 755 3670 ed
781 3619 869 3670 lib.
891 3633 931 3669 1.
956 3621 1321 3684 conjecturam
1348 3634 1424 3671 iv.
1582 3624 1599 3652 ⁸
1618 3621 1957 3687 Spitridatem
1974 3621 1990 3644 '
2037 3621 2304 3686 Arrianus,
2341 3627 2398 3672 et
2439 3624 2650 3690 quidem

510 3705 535 3733 θ
558 3695 847 3760 Granicum]
886 3697 1121 3747 Fluvium
1146 3697 1333 3761 Mysioe
1352 3711 1514 3762 supra
1584 3697 1770 3762 Lydiae
1787 3705 2064 3761 satrapam.

448 3775 873 3837 Hellespontum.
1651 3779 1676 3807 ⁸
1696 3773 1944 3836 Insugum
1959 3772 2179 3837 coniecit]
2200 3773 2458 3824 Eventum
2478 3775 2648 3838 praelii

517 3848 542 3882 ἅ
566 3850 723 3899 Clitus
743 3850 1038 3918 servaverat]
1060 3851 1179 3902 Jam
1201 3851 1351 3914 galea
1376 3851 1513 3913 regis
1583 3851 1840 3902 Arrianus
1863 3857 1920 3902 et
1941 3851 2254 3902 Plutarchus
2275 3851 2619 3916 scripserunt.

452 3927 563 3978 ictu
578 3925 818 3978 diffracta
834 3935 969 3991 eret,
981 3927 1245 3978 declinato
1260 3927 1513 3992 pericu10,

982 4085 1091 4146 vl.
1137 4087 1476 4167 Sepulturae
1498 4105 1642 4148 cura
1667 4095 1724 4145 ‘et
1754 4085 2152 4150 donariorum.

456 4191 654 4269 Quen
681 4199 1071 4264 humanitatis
1100 4203 1360 4262 officium
1392 4211 1507 4273 est,
1528 4201 1870 4263 Alexander
1893 4202 2007 4262 illis
2035 4201 2331 4282 praestitit,
2363 4199 2464 4280 qui
2495 4221 2645 4282 pree·

456 4299 539 4359 lio
578 4299 999 4361 occubuerant.
1068 4301 1198 4361 Hos
1228 4300 1383 4362 enim
1414 4299 1489 4359 ad
1520 4298 1848 4360 ceterorum
1879 4299 2210 4378 exemplum
2242 4299 2505 4378 impense
2536 4301 2642 4360 hu-

586 4413 825 4476 Detphaet
858 4415 972 4464 Ver.
995 4413 1125 4468 Clas.
1450 4413 1512 4470 Q.
1545 4415 1683 4464 Cure.
2403 4417 2431 4460 6
2471 4411 2523 4462 H
