3222 4944
610 401 779 468 1578
1259 416 1433 466 cun.
1478 416 1842 489 caenanti
1891 416 2151 467 suari..

607 568 805 629 urbize
845 567 1325 627 instaurationem
1372 568 1677 647 proeminm
1729 569 1948 628 laboris
1995 567 2074 628 ab
2112 585 2252 646 rege
2299 567 2454 627 tulit.
2535 566 2780 627 Assidui

612 676 809 723 autem
850 662 1163 721 nutritores
1212 672 1273 723 et
1310 662 1628 744 paedagogi
1676 663 1932 735 fuerunt,
1981 661 2294 733 Leonidas,
2351 662 2735 743 Lysimachus
2757 664 2780 697 ⁴

612 759 909 830 Acarnan,
941 765 1001 816 et
1025 757 1291 837 ejusdem
1334 761 1529 838 gentis
1570 760 1924 839 Philippus:
1963 768 2154 819 rector
2181 756 2558 821 valetudinis.
2643 758 2781 818 Elo—

610 854 867 934 quentioe
894 853 1177 931 magistro
1202 872 1347 913 usus
1368 866 1461 915 est
1480 856 1845 915 Anaximene
1875 855 2301 933 Lampsaceno,
2346 854 2516 933 cujus
2553 853 2784 913 callidi-

610 950 719 1009 tati
772 948 1149 1029 postmodum
1196 950 1557 1011 eversionem
1606 951 1851 1030 patriae‘
1884 950 2144 1011 donavit.
2231 950 2472 1010 Homeri
2519 949 2782 1011 carmina

610 1045 759 1106 tanti
788 1044 949 1119 fecit,
975 1055 1043 1104 ut
1066 1064 1367 1124 nunquam
1396 1045 1678 1106 Iliadem⁸
1721 1066 1839 1108 non
1864 1047 2138 1107 comitem
2156 1046 2418 1106 haberet.

615 1219 859 1281 pertinet.
924 1220 1128 1269 Deinde
1164 1227 1433 1285 postquam
1471 1219 1663 1269 disces-

611 1300 753 1343 serat
769 1293 1097 1359 Aristoteles,
1115 1303 1381 1347 revocatus
1395 1294 1663 1357 Mitylenis

613 1366 814 1431 διέτριψε
855 1368 1033 1433 χρόνον
1060 1368 1261 1429 ὀκταετῆ
1294 1368 1421 1435 ταρὰ
1449 1368 1662 1431 Φιλίππῳ

614 1443 963 1505 καθηγούμενος
983 1442 1305 1509 Ἀλεξάνδρου.
1326 1444 1424 1495 hoe
1441 1452 1541 1509 est,
1556 1448 1661 1493 octo

610 1534 757 1569 canos
776 1522 901 1583 apud
920 1520 1197 1585 Philippum
1216 1522 1491 1571 Alexandro
1504 1519 1662 1583 philo-

610 1595 774 1659 coplata
790 1596 1037 1646 mouendo
1055 1611 1239 1660 opernm
1258 1596 1406 1647 dedit.
1446 1594 1662 1659 Dionys.

615 1671 964 1723 Halicarnass.
1022 1673 1086 1722 ad
1135 1672 1403 1723 Amnmum
1449 1686 1501 1733 p.
1547 1674 1662 1722 121.

614 1750 859 1799 Quamvis
876 1758 981 1800 tam
998 1749 1251 1811 Laertius,
1269 1763 1418 1811 quam
1438 1748 1519 1796 hic
1538 1748 1663 1795 Dio-

613 1824 791 1886 nysius
816 1825 965 1874 nnius
986 1823 1341 1874 tantummodo
1374 1822 1438 1871 ad
1471 1824 1662 1887 Philip-

616 1912 737 1961 pum
756 1912 992 1949 accessus
1011 1898 1149 1964 (sine
1166 1898 1323 1949 dubio
1344 1898 1665 1961 posterioris)

614 1972 925 2023 mentionem
948 1972 1159 2024 faciant.
1554 2026 1559 2029 ,

677 2054 702 2080 ⁸
731 2047 922 2098 Patria
956 2050 1109 2114 urbis]
1138 2050 1377 2113 Stagiroe,
1412 2048 1520 2098 una'
1547 2064 1661 2099 cum

614 2124 865 2189 Olyntho,
885 2126 935 2174 in
952 2126 1035 2189 cuj
1042 2140 1099 2175 us
1112 2125 1304 2175 ditione
1318 2124 1505 2189 linerat,
1518 2140 1663 2176 ever-

616 2214 708 2251 sae.
742 2200 830 2251 Sic
853 2202 1074 2265 Diogen.
1096 2202 1269 2251 Laert.
1298 2202 1347 2250 in
1374 2201 1494 2251 Vita
1524 2202 1663 2252 Aris·

616 2283 709 2329 tot.
746 2286 804 2329 et
833 2278 969 2329 Plin.
1008 2294 1107 2331 vu.
1134 2284 1216 2331 29.
1254 2294 1369 2331 cum
1406 2278 1662 2331 Harduini

612 2354 971 2405 emendatione
992 2360 1078 2405 95.

612 2438 619 2445 ·
673 2430 699 2463 ¹¹
741 2429 992 2494 Leonidas,
1024 2432 1355 2497 Lysimachus]
1412 2430 1491 2482 Ex
1536 2430 1663 2479 Plu-

612 2505 806 2556 tarcho.
875 2506 978 2557 Hic
1026 2507 1113 2557 ille
1150 2507 1403 2558 Leonidas
1438 2514 1540 2568 est,
1572 2505 1664 2570 qui

611 2578 965 2632 Alexandrum
1006 2597 1239 2646 puerum,
1280 2583 1429 2633 thure
1471 2583 1662 2646 largius

1734 1221 1939 1284 gionem
1982 1219 2191 1269 ditionis
2225 1234 2328 1269 suae
2365 1218 2582 1269 feceritz
2632 1217 2781 1279 cujus

1731 1295 2140 1360 reprehensionis
2162 1310 2253 1344 rex
2272 1294 2394 1345 Asia
2419 1296 2613 1359 potitus
2635 1293 2783 1342 remi·

1731 1370 1953 1431 niscens,
2010 1369 2306 1419 immensam
2365 1369 2528 1419 thuris
2581 1366 2781 1431 copiam

1730 1445 1976 1496 Iaeonidm
1998 1446 2267 1505 summisit,
2291 1460 2512 1510 eumque
2546 1443 2612 1493 ad
2649 1443 2779 1513 libe·-

1733 1523 1990 1573 ralitatem
2025 1536 2150 1585 erga
2183 1522 2323 1572 Deos
2349 1536 2444 1583 per
2465 1524 2640 1585 jocum
2663 1520 2780 1569 hor-

1732 1605 1874 1648 tatus
1896 1605 1993 1647 est.
2026 1598 2112 1647 Sic
2135 1597 2266 1647 idem
2293 1597 2557 1647 Plutarch.

1797 1680 1818 1705 ⁰
1855 1671 2126 1736 Philippus]
2162 1672 2344 1723 Curtio
2381 1672 2495 1737 ipso
2531 1670 2782 1735 prodente

1733 1758 1822 1796 m.
1841 1750 1891 1797 6.
1915 1751 1964 1796 1.
2771 1786 2776 1793 .

1798 1821 1819 1854 f
1855 1824 2158 1873 Eser-sionem
2213 1822 2410 1886 patrio]
2493 1821 2783 1885 Lampsaci,

1732 1912 1850 1961 qum
1897 1898 2072 1948 Persis
2111 1898 2329 1951 faverat.
2369 1895 2668 1946 Alexander
2711 1895 2785 1945 A·

1734 1974 2056 2023 naximenem
2106 1979 2256 2023 extra
2299 1972 2485 2021 moenia
2529 1970 2784 2035 prodeun-

1735 2056 1838 2097 tem
1878 2047 2078 2110 videns,
2107 2046 2447 2113 jurejurando
2482 2046 2691 2111 negavit
2729 2060 2786 2095 se

1735 2125 2010 2182 facturum.
2023 2126 2160 2190 quod
2185 2125 2271 2175 ille
2297 2132 2600 2188 precaturus
2617 2128 2784 2173 esset:

1733 2206 1818 2253 hic
1839 2212 2012 2255 autem
2035 2205 2350 2255 eversionem
2367 2202 2556 2253 callide
2579 2216 2787 2266 rogans,

1733 2281 2172 2330 conservationem
2205 2280 2256 2329 vi
2281 2278 2627 2343 jurisjurandi
2655 2278 2785 2328 obti-

1730 2357 1862 2405 nuit.
1895 2354 1980 2405 Ita
2002 2355 2118 2405 Val.
2139 2355 2283 2404 Max.
2311 2368 2410 2403 vu.
2436 2358 2484 2403 8.
2507 2358 2555 2402 ⁴.

1796 2436 1822 2472 Ι
1851 2429 2077 2495 Iliadem]
2100 2432 2194 2488 'Piis
2212 2429 2471 2491 πολεμικῆς
2491 2429 2657 2494 ἂρα-ῆς
2673 2428 2785 2492 ἐφό-

1732 2507 1848 2562 διον,
1863 2506 2088 2556 viaticum
2105 2505 2327 2556 militatis
2335 2506 2550 2566 virtutis,
2565 2505 2780 2556 Iliadem

1735 2581 1949 2630 Homeri
1993 2580 2143 2642 dixit,
2205 2581 2488 2631 Plutarcho
2534 2588 2775 2632 auctores.

613 2653 1013 2713 sacrificantem,
1034 2658 1328 2720 castigavit,
1352 2665 1457 2705 tum
1478 2655 1662 2705 decere

611 2731 955 2783 liberaliorem
977 2747 1107 2795 esse,
1122 2747 1239 2783 cum
1262 2730 1561 2782 thuriferam
1588 2745 1661 2779 re·

1733 2655 1888 2705 etiam
1913 2656 2122 2719 pulvino
2145 2671 2259 2707 cum
2291 2657 2515 2722 pugione
2537 2657 2784 2708 dormitu-

1733 2745 1818 2781 rus
1837 2732 2126 2796 supposuit.

1306 2973 1381 3034 V.
1414 2971 1775 3034 Rndimeuta
1802 2971 2060 3034 militiae.

521 3145 539 3158 ·
611 3121 1031 3181 Paucum
1061 3116 1327 3177 militaris
1357 3117 1778 3198 magnitudinis
1801 3118 1858 3177 in
1881 3117 2256 3196 Bucephalo²
2285 3135 2428 3198 puer
2449 3117 2780 3178 Alexander

612 3215 795 3289 dedit,
821 3233 994 3296 quem
1024 3214 1281 3287 mirifice,
1308 3216 1529 3273 umbrae
1558 3214 1784 3272 ratione
1812 3212 2031 3286 habita,
2055 3213 2138 3274 ita
2161 3215 2309 3274 rexit
2329 3216 2692 3294 domuitque,
2712 3225 2782 3275 ut

611 3320 778 3389 pater
816 3310 1009 3370 omine
1052 3309 1191 3370 inde
1236 3319 1414 3390 capto
1443 3309 1808 3380 exclamarit,
1851 3315 1870 3343 ‘
1892 3309 2052 3368 aliud
2093 3309 2210 3369 filio
2240 3330 2480 3390 regnum
2511 3331 2780 3392 quoeren-

610 3407 751 3468 dum
800 3426 955 3477 esse,
1002 3407 1275 3486 quoniam
1306 3405 1664 3466 Macedonia
1698 3423 1818 3464 nou
1856 3405 2132 3486 caperet-⁹
2213 3405 2519 3466 Decimum
2557 3425 2776 3466 annum

609 3513 670 3566 et
695 3502 1007 3581 septimum
1036 3503 1267 3580 agebat,
1305 3521 1439 3561 curn
1478 3511 1646 3580 pater
1689 3500 2078 3580 Byzantium*
2119 3520 2472 3580 oppugnans
2520 3503 2633 3582 ipsi
2673 3502 2778 3562 ad-

608 3597 1091 3659 ministrationem
1124 3599 1288 3676 regni
1314 3596 1727 3656 commisisset.
1811 3595 2143 3654 Rebellavit
2171 3607 2292 3656 tum
2320 3597 2588 3657 Thraciae
2615 3619 2783 3678 quee-

612 3691 750 3750 dam
788 3689 1041 3758 civitas,⁴²
1079 3709 1255 3769 quam
1298 3690 1648 3750 adolescens
1687 3689 1972 3762 collectis,
2013 3692 2114 3768 qui
2159 3691 2315 3751 domi
2357 3692 2543 3752 relicti
2587 3705 2776 3764 erant,

610 3787 889 3848 militibus
934 3785 1249 3864 improvisa
1284 3787 1583 3845 celeritate
1618 3787 1930 3868 oppressit,
1963 3796 2023 3844 et
2063 3789 2263 3846 urbem
2304 3789 2584 3848 convenis
2613 3789 2780 3849 habi-

609 3883 852 3947 tandam
882 3880 1067 3952 dedit,
1095 3880 1196 3961 qui
1236 3899 1364 3941 eam
1394 3880 1806 3942 Alexandriam
1835 3881 2225 3963 appellavere.
2309 3883 2429 3943 Sed
2459 3905 2593 3945 cum
2625 3886 2776 3945 male

674 4073 699 4100 ⁸
732 4059 1021 4126 Bucephala]
1056 4059 1155 4110 Adi
1178 4059 1529 4110 Plutarchum.

674 4140 699 4174 δ
730 4136 1042 4206 Byzas-eim]
1073 4137 1373 4187 Justin.1x.
1402 4141 1445 4184 1.

676 4223 698 4250 θ
734 4215 945 4265 Thraciae
966 4211 1159 4275 civitas]
1182 4211 1315 4262 Vide
1336 4212 1656 4276 Stephanum

1727 4059 1792 4111 de
1809 4061 2036 4112 Urbibus
2055 4062 2106 4111 in
2122 4061 2456 4124 Ἀλεξανδρεία.
2494 4063 2774 4114 Plutarcho

1726 4136 2134 4200 Ἀλεξανδρόπολιε
2155 4145 2252 4186 est.
