3222 4944
1009 430 1386 483 meroem
1433 432 1892 485 nexuum
1948 436 2025 482 ir.
2432 420 2607 489 1635

419 587 641 648 tionem
667 584 968 665 accepturi
979 584 1473 647 essenthot'nines.
1556 586 1755 655 Quare
1778 604 1886 666 pro
1910 586 2041 645 istis
2060 586 2323 661 vocibus,
2349 586 2395 647 ὦ
2418 588 2599 663 ’θνη-

421 674 672 763 σίκρακε
697 680 1070 744 scribendum
1097 681 1232 757 erit,
1255 680 1302 743 ὅ
1323 682 1697 762 Ὀνησίκριτε.
2398 706 2405 713 ·

505 778 901 862 orthogonis.
942 778 1121 839 Hunc
1139 798 1276 841 cum
1297 778 1628 841 Onesicrito
1643 779 1955 859 navigasse
1982 780 2258 862 conjicio,
2278 800 2352 842 ex
2367 780 2601 843 AEliano

419 876 500 941 de
526 874 686 941 Hi‘st.
707 864 962 939 Animal.
987 895 1171 939 xvn.
1189 878 1252 939 6.
1279 876 1629 957 conscripsit
1656 886 1853 937 autem
1874 876 2055 938 libros
2072 877 2151 938 tle
2168 880 2343 939 rebus
2364 877 2603 951 Indicis,

418 994 571 1055 quos
596 972 753 1035 idem
781 983 987 1035 auctor
1028 974 1174 1035 citat
1217 974 1280 1034 in
1327 973 1484 1035 Hist.
1509 972 1772 1035 Animal.
1802 992 1952 1037 xvr.
1986 974 2087 1036 35.
2116 984 2181 1037 et
2206 974 2602 1036 Philostratus

420 1070 482 1133 in
511 1072 636 1133 vita
659 1070 960 1149 Apollonii
987 1069 1090 1130 lib.
1122 1088 1235 1131 111.

429 1192 438 1199 ·
503 1168 652 1229 ono
675 1166 1105 1248 Magaris.

498 1262 817 1327 Patr-oola
863 1262 1026 1342 apud
1067 1260 1418 1323 Strabonem
1461 1261 1566 1324 lib.
1596 1280 1680 1323 11.
1708 1263 1813 1337 ait,
1852 1281 1983 1339 eos,
2010 1264 2115 1344 qui
2139 1263 2483 1326 Alexandro
2509 1280 2611 1325 co·

417 1360 590 1423 mites
637 1358 1038 1441 expeditionis
1083 1358 1346 1432 fuerunt,
1397 1358 1590 1419 obiter
1634 1367 1867 1419 tantum
1920 1359 2157 1441 singula
2180 1364 2560 1441 .cognovisse
2588 1378 2607 1421 ε

420 1455 823 1517 Alexandrum
871 1472 1012 1517 vero
1047 1456 1242 1535 ipmm
1286 1464 1564 1517 accurate
1601 1455 1801 1516 omnia
1824 1454 2165 1537 indagasse,
2190 1476 2329 1519 cum
2354 1459 2413 1518 ei
2450 1459 2609 1537 regi-

417 1568 602 1613 onum
654 1550 1086 1631 descriptiones
1133 1568 1172 1610 a
1194 1550 1559 1632 peritissimis
1585 1548 1993 1620 traderenturz
2036 1552 2123 1613 ita
2158 1551 2315 1613 hanc
2342 1550 2611 1630 descrip-

415 1648 642 1714 tionem
667 1649 782 1709 sibi
808 1656 1022 1728 postea
1061 1648 1342 1727 temporis
1385 1646 1704 1708 exhibitam
1752 1664 1889 1707 esse
1934 1646 2019 1708 ait
2046 1666 2083 1709 a
2126 1646 2391 1716 Xenocle
2442 1658 2607 1728 μω

420 1745 728 1823 prefecto.

501 1840 784 1901 Phanias
803 1838 966 1919 apud
992 1837 1362 1899 Clementem
1383 1838 1484 1898 lib.
1511 1858 1561 1898 1.
1591 1840 1875 1899 Stromat.
1902 1837 1980 1899 de
2005 1843 2261 1901 transitu
2283 1841 2610 1902 Alexandri

415 1934 482 1995 in
528 1934 738 1999 Asiam
778 1933 1067 2001 meminit.
1150 1933 1344 2002 Quem
1400 1942 1550 2014 puto
1598 1932 1787 1995 fuisse
1840 1932 2197 2014 discipulum
2250 1932 2610 2009 Aristotelis,

417 2028 590 2111 cujus
611 2028 830 2091 Suidas
857 2029 1143 2109 meminit.

433 2158 444 2165 ·
503 2124 842 2206 Philippus
869 2124 1298 2188 chalcidensis.

503 2220 842 2299 Philippus
890 2220 1223 2298 Isangelus.
1303 2216 1502 2298 Hujus
1553 2228 1617 2279 et
1670 2221 1989 2301 superioris
2042 2222 2307 2284 meminit
2359 2221 2520 2283 Plut.
2544 2224 2609 2282 in

422 2312 597 2377 Alex.
623 2332 758 2394 cap.
787 2316 888 2374 81.

503 2411 741 2478 Philon
771 2410 1104 2474 Thebanus.
1185 2407 1544 2469 Plutarchus
1573 2406 1737 2470 dicto
1764 2409 1919 2471 loco.

465 2537 470 2548 ¹
503 2506 920 2589 Phylen-chen.
989 2505 1170 2566 Hunc
1195 2504 1348 2566 inter
1373 2503 1484 2566 hos
1527 2503 1843 2585 scriptores
1866 2523 1989 2566 non
2018 2505 2372 2582 retulissem,
2396 2509 2514 2568 nisi
2547 2508 2611 2568 id

408 2605 544 2684 jam
593 2603 836 2664 fecisset
875 2601 1170 2664 Raderns.
1255 2599 1420 2662 Nihil
1467 2600 1627 2662 enim
1670 2602 1884 2682 reperi,
1930 2602 2095 2682 quod
2147 2621 2285 2664 eum
2335 2603 2399 2663 in
2452 2603 2611 2664 hanc

417 2699 679 2763 classem
723 2697 953 2762 admitti
990 2697 1222 2778 jubeat.
1331 2696 1498 2758 Citat
1541 2695 1786 2776 quidem
1834 2696 2033 2758 locum
2082 2717 2159 2759 ex
2202 2699 2333 2780 ejus
2380 2697 2487 2759 lib.
2515 2719 2611 2759 vr.

387 2795 750 2860 “Athenssmus
781 2813 880 2856 vr.
911 2795 1012 2856 13.
1038 2793 1144 2873 qui
1169 2791 1250 2854 ad
1277 2792 1449 2854 Alex.
1475 2801 1749 2873 spectat:
1784 2791 1895 2851 sed
1920 2795 2148 2854 certum
2174 2805 2289 2864 est,
2315 2811 2451 2855 esse
2474 2810 2611 2856 eum

416 2891 632 2954 librum
655 2891 852 2964 exiis,
889 2909 1042 2970 quos
1069 2889 1150 2948 de
1177 2887 1424 2968 Pyrrho,
1451 2897 1516 2948 et
1537 2885 1963 2966 posterioribus
1990 2887 2230 2969 regibus
2254 2890 2613 2970 composuit.

503 2983 844 3048 Pie-dam.
927 2982 1126 3062 Hujus
1169 3001 1376 3043 versus
1421 2983 1483 3042 in
1531 2981 1941 3044 Alexandrum
1992 2983 2389 3048 Macedonem
2430 2986 2613 3048 refert

423 3079 750 3164 Dionysius
774 3080 837 3140 in
863 3075 1201 3138 Rhetoricis
1242 3095 1382 3156 pag.
1419 3079 1557 3137 179.
1587 3117 1594 3122 -
1640 3078 1819 3139 Unde
1863 3077 2139 3141 Raderus
2184 3080 2437 3161 colligit,
2480 3096 2611 3144 esse

421 3184 560 3239 cnm
607 3174 936 3236 Pindarum
977 3171 1366 3252 posteriorem
1407 3172 1653 3250 ἅνέψων
1700 3177 1989 3250 προτέρου,-
2028 3175 2201 3252 cujus
2253 3175 2495 3254 quidem
2552 3188 2615 3238 et

425 3271 642 3332 Suidas
667 3267 954 3329 meminit.
1037 3265 1160 3328 Sed
1186 3267 1384 3346 potius
1423 3267 1773 3329 crediderim
1816 3287 2021 3330 versus
2062 3268 2353 3349 Dionysio
2396 3269 2615 3332 citatos

424 3383 562 3428 esse
599 3361 847 3425 Pindari
885 3361 1149 3436 senioris,
1206 3361 1457 3442 scriptos
1503 3363 1584 3424 ad
1611 3361 2023 3424 Alexandrum
2048 3363 2461 3437 Macedonem,
2490 3385 2613 3427 non

425 3463 720 3542 Magnum
747 3469 1044 3532 nostrum,
1066 3457 1178 3520 sed
1201 3457 1408 3534 alium,
1434 3457 1645 3538 Magni
1673 3475 1981 3539 proavum,
2006 3467 2069 3520 et
2086 3470 2401 3540 propterea
2424 3462 2613 3521 nemi·

421 3575 562 3620 nem
588 3556 727 3619 huic
767 3555 1060 3636 Catalogo
1086 3554 1411 3618 Pindarum
1457 3553 1840 3617 inserendum
1888 3555 2101 3619 videri.
2186 3556 2355 3619 Facit
2378 3575 2615 3618 mecum

427 3655 548 3716 Dio
573 3652 787 3733 Chrys.
816 3652 984 3714 Orat.
1015 3670 1096 3712 11.
1122 3651 1365 3715 Tzetzes
1390 3651 1548 3712 Chil.
1578 3651 1651 3712 E.
1684 3669 1809 3710 vn.
1847 3652 1981 3712 139.

513 3750 910 3812 Plutarchus.

510 3845 867 3924 Polym.

510 3941 859 4020 Polycletus
888 3937 1247 4001 [ιω-ἕσσαι.
1329 3939 1473 4018 Ejus
1500 3938 1711 4000 librum
1741 3948 2016 4001 octavum
2045 3939 2435 4001 Historiarum
2466 3939 2613 4000 citat

427 4036 752 4098 Athenaeus
775 4041 910 4095 ‘xn-
927 4035 988 4095 9.
1030 4034 1262 4096 Oitatur
1279 4043 1341 4096 et
1365 4035 1641 4097 Straboni
1658 4033 2021 4116 Polycletus,
2044 4051 2220 4117 quem
2238 4035 2399 4098 bunc
2416 4036 2609 4116 ipsum

425 4153 562 4198 esse
587 4141 756 4213 puto,
783 4131 886 4193 lib.
917 4151 1068 4192 xvr.

510 4230 888 4307 Polycritam
967 4227 1322 4294 Plutarchus
1351 4227 1691 4291 Alexandro
1714 4247 1849 4308 cap.
1868 4227 1971 4290 81.
