3222 4944
580 342 753 407 1516

580 500 659 549 rio
678 498 917 550 morienti
940 498 1095 550 Caius
1134 499 1339 550 anulum
1364 498 1632 563 adimeret,

580 574 715 638 apud
756 575 968 624 Sueten.
998 578 1079 624 78.
1109 578 1159 623 Δ.
1214 574 1367 626 Quod
1389 587 1485 624 nec
1508 588 1631 623 ans·

578 650 716 713 logia
747 650 933 713 privati
959 650 1094 714 juris
1128 656 1291 714 caret,
1328 656 1391 700 nt
1426 651 1630 700 scilicet

578 727 653 777 ita
690 727 959 777 videretur
998 728 1155 777 totius
1210 728 1501 792 patrimonii
1537 728 1629 791 jns

577 802 843 866 traditum,
864 802 1119 868 quomodo
1136 804 1153 832 ‘
1169 802 1403 852 clavibus
1426 802 1630 853 traditis

584 878 831 929 mercium
854 880 905 929 in
928 880 1118 929 horreis
1156 880 1475 929 conditarum
1512 894 1629 942 pos-

588 954 748 1004 sessio
774 953 969 1003 tradita
990 953 1232 1017 videtur,'
1252 955 1286 1003 Ι.
1308 958 1389 1004 74.
1406 953 1473 1003 de
1495 954 1629 1003 Con·

582 1030 713 1078 trah.
763 1030 940 1092 Empt.
1020 1030 1158 1091 Ergo
1206 1027 1489 1077 Alexandri
1536 1042 1628 1077 ex-

578 1106 749 1169 emplo
789 1105 1065 1155 Masinissa
1106 1103 1349 1168 Micipsa
1402 1104 1628 1154 maximo

576 1187 704 1227 natu
729 1176 971 1243 filiorum,
992 1179 1257 1243 supplem.
1292 1178 1403 1228 Liv-
1426 1190 1517 1227 xv.
1541 1182 1625 1228 18.

576 1260 634 1301 et
657 1253 923 1317 Augustus
946 1252 1218 1303 undecimo
1247 1252 1519 1304 consulatu
1556 1268 1627 1301 m-

576 1334 805 1391 gratans,
827 1330 844 1357 ‘
860 1329 1111 1394 Agrippas
1132 1330 1337 1378 annium
1361 1326 1628 1392 porrexit,’

576 1405 715 1468 apud
736 1404 1008 1456 Zonaram.
1053 1404 1189 1455 Vide
1208 1405 1543 1455 Kirehmann.
1559 1404 1627 1454 de

578 1481 734 1532 Anul.
754 1487 968 1546 cap.22.
1002 1482 1159 1546 Apud
1183 1482 1465 1531 Saracenos
1488 1480 1626 1531 idem

577 1560 829 1610 obtinuit=
882 1560 1018 1609 unde
1050 1560 1067 1587 ‘
1086 1559 1267 1609 anulus
1302 1557 1625 1608 Chalifatus’

576 1636 766 1699 legitur
788 1636 923 1700 apud
948 1636 1196 1685 Elmacin.
1218 1649 1281 1685 ιι.
1308 1638 1356 1683 7.
1387 1634 1442 1684 in
1479 1635 1626 1684 coede

574 1710 818 1761 Alamiui.
841 1712 996 1775 idque
1030 1711 1261 1773 ‘siguum
1294 1722 1405 1758 esse
1438 1709 1628 1772 prinei·

554 1794 730 1851 „patus
753 1787 889 1850 apud
914 1785 1221 1847 Aureum?
1251 1786 1323 1832 ait
1352 1786 1625 1835 Constant.

576 1862 896 1928 Porphyrog.
920 1863 985 1911 de
1008 1861 1308 1911 Administr.
1340 1861 1475 1924 Imp.
1504 1875 1624 1925 esp.

574 1942 659 1992 21.
706 1940 840 1989 Sane
884 1937 1247 1987 vetustissimis
1292 1936 1624 2000 temporibus,

576 2028 728 2079 quem
748 2015 864 2065 loco
888 2013 984 2063 sibi
1010 2014 1246 2077 proximo
1270 2013 1503 2062 viventes
1526 2014 1624 2062 eti·

574 2104 657 2140 am
692 2104 805 2140 esse
839 2091 1009 2153 Reges
1044 2088 1305 2149 volebant,
1338 2088 1385 2137 ei
1430 2088 1625 2138 dabant

574 2167 779 2215 anulum
814 2164 981 2229 digito
1013 2178 1106 2213 suo
1139 2163 1449 2227 detractum,
1468 2170 1526 2213 nt
1560 2163 1626 2213 de

577 2242 847 2292 Pharaone
869 2240 1085 2304 legimns
1105 2239 1299 2291 Genes.
1320 2252 1433 2289 ιιι.
1454 2244 1537 2289 42.
1556 2240 1625 2290 de

574 2318 841 2367 Ahasnero
866 2329 989 2366 vm.
1004 2319 1055 2365 2.
1088 2316 1161 2364 Et
1180 2316 1292 2366 haec
1312 2314 1519 2380 quidem
1542 2323 1626 2365 est

574 2394 829 2443 communi
863 2393 1174 2457 scriptorum
1202 2392 1403 2441 calculo
1427 2391 1624 2441 tradita

572 2471 815 2520 narratio.
878 2468 1199 2520 Testamenti
1218 2476 1391 2520 tamen
1410 2468 1626 2519 mentio·

574 2561 693 2596 nem
732 2547 961 2596 nonnulli
1011 2545 1237 2597 faciunt:
1294 2546 1628 2608 agnoscitque

574 2623 873 2674 Marcellin.
925 2635 1094 2673 xxm.
1138 2625 1218 2670 17.
1272 2621 1289 2648 ‘
1310 2627 1628 2670 testamento

572 2701 833 2750 nationem
856 2713 1058 2748 omnem
1075 2699 1125 2746 in
1147 2695 1456 2747 successoris
1478 2697 1628 2746 unius

563 2774 683 2837 jura
703 2773 1000 2822 translatam
1015 2773 1047 2831 ς·
1069 2771 1221 2835 idque
1242 2769 1412 2820 Rhodi
1426 2770 1628 2834 deposi-

574 2855 679 2898 tum
714 2848 873 2898 fuisse
896 2847 1057 2896 tradit
1089 2845 1307 2897 Diodor.
1332 2859 1427 2896 xx.
1450 2849 1533 2895 82.
1572 2853 1629 2896 et

572 2939 636 2974 ex
672 2939 735 2974 eo
769 2924 1067 2973 divisionem
1102 2922 1481 2984 provinciarum
1516 2920 1628 2971 sae-

572 3006 702 3060 tam,
724 3000 985 3063 Excerpte
1017 2997 1392 3061 chronologica
1414 2997 1625 3048 Latino-

569 3075 793 3125 barbara
813 3073 1057 3138 adjuncta
1078 3072 1301 3124 Eusebio
1324 3087 1442 3137 pag.
1464 3077 1545 3122 58.
1568 3081 1628 3124 et

569 3156 653 3201 84.
687 3150 957 3203 Quomodo
980 3150 1081 3200 alia
1112 3163 1317 3213 quoqne
1349 3163 1501 3212 regnu
1525 3157 1626 3200 tes·

571 3233 803 3276 tamento
827 3227 1077 3276 translata
1094 3225 1297 3274 scimus.
1330 3223 1465 3274 Vide
1486 3224 1624 3275 Tho·

570 3304 667 3354 los.
689 3302 755 3351 de
792 3301 929 3366 Rep.
951 3315 1053 3350 vn.
1077 3304 1158 3350 12.
1210 3300 1315 3349 Sed
1353 3312 1419 3349 ex
1450 3299 1626 3362 hagio·

572 3379 780 3444 graphis
821 3377 1064 3428 Macbab.
1103 3390 1143 3426 1.
1168 3381 1215 3426 1.
1257 3380 1307 3426 7.
1354 3375 1626 3426 ‘divisisse

571 3469 790 3519 regnum
816 3468 961 3503 suum
978 3453 995 3478 '
1016 3451 1165 3513 dicit,
1187 3455 1203 3480 ⁸
1220 3465 1337 3501 cum
1362 3451 1528 3501 adhuc
1552 3454 1626 3501 vi-

568 3528 751 3580 veret!
782 3529 1027 3577 Ceterum
1044 3529 1177 3575 linnc
1189 3526 1494 3575 Perdiccam
1506 3541 1623 3576 eum

569 3606 669 3655 alio
684 3603 898 3653 nominis
908 3603 1143 3666 ejusdem
1162 3601 1485 3651 Macedonia
1497 3616 1624 3666 rege

566 3679 698 3731 mire
740 3677 1008 3728 confundit
1046 3677 1341 3728 Jornandes
1384 3677 1450 3727 de
1491 3676 1625 3728 Reb-

568 3754 773 3808 Geticis
806 3767 917 3818 cap.
954 3756 1034 3802 10.
1062 3755 1079 3781 ⁶
1100 3751 1362 3800 Adversus
1408 3751 1624 3802 Perdic-

567 3847 679 3885 cam
711 3829 1037 3882 Macedonio
1074 3841 1271 3890 regem,
1290 3840 1441 3892 quem
1464 3826 1624 3876 Alex·

566 3907 751 3970 ander,
774 3903 909 3969 apud
935 3901 1273 3966 Babyloniam
1302 3901 1522 3950 ministri
1544 3902 1622 3950 in-

567 3982 715 4032 sidiis
750 3986 931 4044 potans
974 3976 1256 4032 interitum,
1289 3975 1622 4027 Atheniensi·

566 4071 655 4107 nm
674 4053 988 4122 principatui
1018 4051 1333 4102 hereditario
1349 4051 1468 4115 jure
1504 4052 1622 4101 reli-

568 4137 756 4194 querat
784 4127 1166 4180 successorem!
1227 4127 1618 4179 Testamentum

568 4212 741 4259 anm
772 4205 839 4256 ab
871 4203 1168 4258 Alexandro
1199 4200 1395 4256 fectum
1426 4211 1618 4270 negant

1277 358 1491 407 No‘rAE
1536 358 1940 407 vammum
1991 360 2069 407 m

1702 507 1756 549 et
1777 500 1888 549 haec
1911 499 2105 551 ansni
2130 512 2184 549 x.
2205 502 2288 551 ⁴8.
2317 498 2336 529 ⁶
2357 498 2460 551 Qui
2483 510 2658 548 seeum
2681 498 2760 549 in-·

1703 576 1857 637 vidis,
1874 589 1976 640 qua
1991 583 2156 625 totum
2179 582 2390 640 ceperat
2405 576 2605 639 orbem,
2624 576 2760 627 Abs-

1704 653 1828 702 tulit
1863 654 2159 715 imperium3
2193 653 2435 717 nulloque
2467 653 2658 703 herede
2683 668 2764 703 re·

1701 728 1828 779 licto
1845 728 2026 777 Totins
2067 726 2164 778 fati
2199 727 2499 777 lacerandas
2533 729 2760 793 praebuit

1703 804 1892 855 urbes.'
1925 804 2031 853 Inf.
2053 818 2106 855 x.
2130 808 2211 853 10.
2233 810 2284 854 5.
2307 804 2530 855 Freinsk.

1749 878 2308 943 Adflumosemsmi]
2327 881 2444 932 Quo
2458 894 2616 945 qun·
2631 881 2759 931 Per·

1703 958 1874 1007 diceas
1917 962 2216 1020 portaturus
2269 963 2426 1013 esset,
2469 958 2661 1021 eripuit
2700 958 2754 1007 in

1701 1034 1925 1097 AEgypto
1940 1034 2276 1090 Ptolemaeus,
2291 1032 2414 1081 etin
2439 1045 2534 1081 sua
2555 1033 2758 1096 provin·

1702 1110 1782 1159 cis
1795 1110 2058 1171 deposuit.
2084 1107 2272 1158 Strabo
2287 1108 2529 1157 lib-xvu
2543 1109 2690 1158 Curt-
2700 1121 2756 1160 x.

1703 1189 1784 1234 10.
1823 1185 2000 1236 cellar.

1763 1261 1793 1323 ἦ
1814 1266 1844 1310 5
1896 1260 2176 1323 Respondit,
2211 1260 2256 1309 ei
2277 1260 2358 1323 qni
2376 1265 2494 1309 esset
2525 1234 2754 1325 finan]

1704 1336 2037 1386 Dissentiunt
2059 1342 2299 1386 auctores
2319 1335 2494 1386 Groeci
2519 1344 2576 1385 et
2613 1336 2757 1386 Lati-

1703 1410 1754 1458 ni
1780 1410 1830 1457 in
1867 1410 1962 1459 hoe
1983 1409 2271 1459 Alexandri
2305 1424 2565 1475 responso.
2629 1410 2755 1461 Dio·

1702 1484 1816 1534 dor.
1857 1485 2039 1535 scribit
2070 1486 2215 1534 illum
2250 1486 2572 1551 respondisse
2619 1486 2754 1549 apte·

1701 1578 1788 1625 τᾳ,
1812 1560 2016 1611 Arrian.
2061 1560 2315 1626 κρανία-νᾳ,
2337 1563 2543 1613 Curtius
2565 1562 2757 1626 opti-ss,

1701 1637 1938 1688 Justinus
1972 1637 2266 1700 dignissimum
2284 1653 2315 1688 e
2338 1636 2519 1702 quibus
2539 1652 2654 1688 meo
2667 1639 2755 1702 ju-

1701 1712 1837 1765 dicio
1873 1713 2080 1777 quidem
2113 1712 2362 1762 Arrianus
2399 1714 2559 1762 utitur
2593 1713 2756 1763 verbo

1701 1788 1924 1838 maxime
1945 1796 2068 1851 apto
2100 1787 2166 1837 ad
2189 1787 2500 1837 senteutiam
2523 1786 2754 1837 Alexan-

1701 1862 1811 1912 dri:
1848 1878 1878 1912 a
1906 1877 2006 1927 qua
2036 1863 2270 1914 Justinus
2303 1862 2593 1925 longissime
2627 1864 2754 1915 abit.

1699 1938 1963 1988 Diodorus
1985 1944 2042 1987 et
2061 1938 2272 1988 Curtius
2295 1937 2361 1987 ad
2383 1950 2494 1987 eam
2517 1939 2750 2002 proxime

1701 2012 1976 2076 accedunt,
2013 2014 2058 2062 si
2093 2013 2418 2076 intelligatur
2447 2015 2670 2076 optines,
2691 2023 2754 2065 ut

1703 2088 1834 2138 dixit
1857 2088 2116 2139 Homerus
2137 2088 2314 2150 ἆγαθδι
2335 2086 2578 2145 βασιλεύς.
2641 2092 2753 2140 Sei·

1701 2162 1904 2224 iustine,
1941 2163 2136 2212 ‘bonus
2190 2164 2507 2229 imperator:
2553 2165 2607 2215 id
2651 2174 2754 2229 est,

1702 2241 1719 2268 ⁴
1736 2237 1923 2289 fortis?
1987 2238 2119 2288 Cum
2141 2238 2278 2288 enim
2304 2240 2600 2290 Alexander
2633 2254 2752 2305 pro·

1701 2314 1924 2378 videret,
1956 2312 2087 2375 fore,
2117 2321 2179 2364 ιιι
2206 2328 2364 2378 grave
2397 2324 2452 2365 et
2485 2325 2750 2367 cruentum

1701 2400 1968 2442 certamen
2011 2393 2077 2441 de
2121 2404 2276 2455 regno
2319 2392 2560 2455 oriretur,
2598 2394 2749 2456 eujus

1700 2468 1924 2519 victoria
1961 2466 2240 2533 potentiori
2271 2466 2480 2518 tandem
2523 2468 2753 2531 cederet,

1700 2543 1970 2608 respondit
1990 2557 2047 2592 se
2081 2556 2296 2606 regnum
2327 2543 2616 2610 relinquere
2649 2544 2754 2596 for·

1702 2617 1922 2679 tissimo‚
1948 2619 2027 2667 vel
2061 2619 2437 2682 potentissimo.
2499 2620 2638 2671 Illud
2662 2637 2751 2673 au-

1700 2698 1806 2742 te·
1857 2690 2118 2742 funestum
2159 2701 2422 2744 certamen
2471 2697 2754 2760 sppellavit

1689 2768 1924 2829 funebres
1945 2769 2095 2832 ludos,
2123 2769 2360 2833 qnoniam
2393 2769 2480 2819 illo
2503 2771 2753 2823 Macedo·

1701 2858 1793 2894 nes
1827 2850 2032 2895 mortuo
2067 2845 2166 2894 sibi
2200 2847 2523 2908 parentaturi
2556 2856 2749 2913 essent,

1701 2919 1918 2983 perinde
1959 2933 2022 2969 ac
2057 2916 2317 2970 defunctis
2359 2921 2593 2973 solebant
2635 2922 2752 2974 fleri

1699 2994 1808 3043 ludi
1831 2993 2096 3056 funebres,
2117 2995 2170 3044 in
2191 2996 2374 3059 quibus
2405 2997 2749 3060 gladiatorum

1700 3070 1946 3133 sanguine
1970 3070 2357 3132 parentabatur‚
2379 3077 2438 3122 ut
2465 3085 2532 3120 ex
2557 3072 2750 3123 Home—

1702 3157 1780 3205 ro,
1801 3144 2040 3206 Virgilio,
2071 3150 2130 3193 et
2153 3145 2268 3194 eliis
2287 3153 2506 3196 constat.
2573 3146 2748 3197 Arria-

1701 3233 1796 3268 nns
1815 3218 1964 3282 dixit,
1983 3217 2136 3279 ubres
2157 3217 2408 3282 ἐκκόψων
2425 3221 2605 3285 mse,
2617 3237 2752 3285 nag-

1699 3311 1812 3345 nam
1829 3297 2089 3359 sepulcrale
2107 3301 2357 3348 oenum.
2375 3297 2594 3363 Popma.
2647 3301 2750 3351 Cu·

1699 3373 1835 3422 riose
1861 3373 1999 3423 inter
2019 3372 2112 3422 lias
2129 3387 2283 3422 voces
2317 3372 2592 3438 distinguit
2612 3376 2752 3440 Pop-

1699 3460 1802 3504 ma,
1825 3462 1943 3498 eum
1965 3447 2144 3497 eodem
2165 3447 2420 3496 recidant.
2451 3449 2592 3499 Ince.
2649 3453 2750 3506 Qui

1695 3527 1814 3572 esset
1833 3520 2096 3587 opes-221⁸
2117 3521 2232 3571 Non
2251 3522 2461 3573 volebat
2479 3525 2674 3588 dicere,
2689 3541 2748 3577 se

1695 3597 1940 3648 heredem
2000 3598 2338 3657 constituere.
2391 3601 2478 3664 qni
2523 3603 2748 3655 maxime

1695 3672 1879 3737 dignus
1922 3673 2140 3738 imperio
2181 3673 2353 3725 foret:
2399 3675 2492 3726 sed
2530 3691 2747 3741 regnum

1695 3762 1844 3798 suum
1881 3747 1994 3800 fore
2031 3749 2084 3799 iu
2129 3757 2391 3815 potestate
2425 3757 2748 3820 occupantis,

1693 3821 1922 3873 fortioris
1943 3825 2180 3888 seilicet‚’
2200 3825 2369 3876 Nicol.
2383 3826 2600 3878 Lo'e'nsis
2619 3829 2749 3879 Mis-

1695 3898 1814 3948 cell.
1838 3899 2009 3963 Ephil.
2033 3913 2090 3952 ν.
2126 3905 2208 3951 18.
2239 3902 2326 3953 nbi
2359 3901 2590 3953 ostendit
2625 3905 2749 3968 opes·-

1693 3991 1820 4026 nnsss
1837 3991 1951 4026 esse
1967 3976 2176 4040 ἄριστον.
2224 3978 2453 4028 Diodoro
2469 3991 2611 4030 xvn.
2633 3984 2745 4031 117.

1694 4059 1751 4102 et
1773 4065 1944 4103 xvtu·
1960 4056 2010 4104 1.
2042 4059 2060 4082 ‘
2075 4055 2162 4119 qni
2185 4067 2375 4116 nempe
2394 4055 2535 4105 bello
2563 4057 2634 4105 sit
2653 4069 2745 4119 op-

1694 4129 1848 4178 timus
1861 4129 1892 4178 :⁸
1923 4129 2060 4178 male
2081 4135 2254 4179 autem
2275 4125 2602 4189 digni-inm
2626 4129 2743 4180 red-

1689 4203 1880 4256 didisse
1897 4203 2173 4256 Justinum·
2199 4215 2306 4254 ιιι.
2329 4207 2408 4255 1⁶.
2445 4208 2492 4255 8.
2525 4204 2612 4256 ubi
2645 4205 2742 4256 8ο-
