3222 4944
578 408 752 477 1572
1222 420 1398 472 crin.
1448 415 1836 468 naunoms
1883 414 2070 467 surr
2083 417 2145 463 1..

576 584 734 645 rant,
760 572 947 632 necin
972 570 1217 650 pedibus
1245 572 1519 649 cuiquam
1547 586 1686 648 spes
1715 567 1824 628 sed
1850 568 1912 626 in
1939 564 2176 625 lacertis
2199 563 2333 625 suit.
2401 564 2743 627 Alexander

576 667 793 729 deinde
817 667 1040 746 passim
1066 667 1317 748 peractis
1338 665 1641 725 sacrificiis
1661 663 1914 724 maxime
1941 660 2102 740 apud
2127 658 2362 738 Trojam
2391 658 2469 719 ad
2500 660 2750 721 Achillis

574 763 885 837 tumulum,
906 763 968 821 in
995 782 1173 842 quem
1196 782 1383 840 genus
1404 782 1578 821 suum
1598 780 1674 821 ex
1703 769 1968 819 materna
1992 757 2152 817 linea
2175 754 2485 827 referebat,
2507 775 2643 815 eum
2673 758 2750 817 ob

574 858 637 917 id
677 858 1079 919 felicissimum
1126 858 1561 918 adolescentem
1599 855 1953 935 praedicans,
2000 852 2162 931 quod
2207 870 2444 911 suarum
2469 851 2755 911 virtutum

573 972 906 1035 praeconem
937 954 1257 1013 Homerum
1280 952 1623 1021 invenisset,
1651 950 1728 1010 ad
1755 950 2034 1009 interiora
2063 946 2226 1006 Darii
2253 946 2408 1025 regis
2441 947 2754 1007 Persarum

438 1094 445 1099 ·
573 1048 899 1111 contendit.
984 1049 1161 1107 Hunc
1191 1048 1435 1106 Darium
1460 1045 1678 1106 Arsani
1719 1045 1928 1114 filium,
1969 1044 2071 1123 qui
2117 1042 2379 1101 decimus
2429 1052 2676 1121 quartus
2717 1063 2756 1103 a

575 1145 762 1224 Cyro,
790 1144 973 1203 totius
999 1144 1237 1203 orientis
1265 1142 1663 1202 monarchiam
1697 1142 1959 1209 tenebat,
2010 1140 2123 1198 hac
2161 1138 2533 1217 potissimum
2571 1157 2756 1199 causa

573 1239 820 1318 aggredi
856 1238 1061 1307 voluit,
1103 1239 1266 1316 quod
1312 1258 1348 1298 a
1394 1248 1559 1316 patre
1613 1256 1722 1297 suo
1767 1235 2042 1316 Philippo
2077 1234 2357 1294 tributum
2385 1235 2752 1313 requisierat.

575 1335 797 1394 Darius
832 1345 1030 1393 autem
1071 1334 1255 1393 missa
1301 1335 1462 1413 prius
1502 1335 1776 1413 superba,
1801 1331 2251 1401 contumeliosa,
2281 1339 2458 1409 atque
2481 1331 2753 1410 imperio-

571 1430 809 1490 sissima
849 1429 1167 1509 legatione,
1213 1450 1278 1489 se
1325 1449 1525 1507 regem
1572 1448 1799 1507 regum,
1827 1446 1899 1486 ac
1925 1426 2432 1503 consanguineum
2461 1426 2742 1500 Deorum,

577 1524 983 1585 Alexandrum
1008 1543 1145 1584 vero
1166 1524 1452 1584 famulum
1482 1542 1656 1582 suum
1684 1522 2016 1602 appellans,
2045 1522 2299 1598 satrapis
2321 1520 2446 1579 suis
2473 1521 2534 1580 id
2563 1540 2748 1600 nego·

570 1620 639 1679 tii
690 1619 959 1691 dederat,
1004 1629 1073 1679 ut
1118 1619 1509 1679 insanientem
1552 1619 1732 1676 istum
1776 1616 2036 1696 Philippi
2079 1613 2610 1688 adolescentulum,
2637 1616 2752 1691 (sic

572 1714 728 1774 enim
756 1734 889 1773 eum
915 1733 1023 1792 per
1050 1724 1408 1773 contemtum
1440 1712 1800 1792 appellabat)
1829 1711 2166 1771 verberibus
2208 1710 2530 1790 puerilibus
2556 1713 2749 1790 gravi-

569 1820 661 1867 ter
702 1825 949 1880 caesum,
994 1808 1383 1885 indutumque
1408 1817 1736 1886 post-veste
1767 1825 2082 1886 purpurea,
2113 1804 2225 1865 sibi
2254 1806 2516 1864 vinctum
2547 1806 2747 1865 trade·

568 1912 721 1975 rent,
746 1903 1112 1980 navibusque
1142 1921 1264 1961 una
1290 1922 1421 1962 cum
1450 1904 1645 1965 nautis
1669 1902 2030 1974 summersis,
2053 1918 2259 1961 omnes
2289 1900 2418 1979 ejus
2435 1901 2650 1963 milites
2669 1901 2746 1961 ad

568 1998 850 2057 ulteriora
869 1996 1045 2056 maris
1070 1996 1255 2055 Rubri
1284 2006 1774 2075 transportarent.
1838 1998 1954 2065 Qui
1984 1996 2331 2055 mandatum
2359 1996 2514 2075 regis
2537 1998 2750 2074 exequi

572 2093 859 2164 volentes,
888 2090 967 2151 ad
996 2075 1319 2151 Grssnicum
1348 2110 1577 2150 amnem
1604 2092 1732 2171 (qui
1760 2091 2050 2151 Troadem
2081 2110 2117 2150 a
2145 2090 2510 2169 Propontide
2535 2090 2751 2151 dister-

568 2187 781 2262 minat)
826 2206 1043 2264 magna
1086 2204 1285 2259 manu,
1320 2185 1595 2247 videlicet
1636 2187 1850 2266 viginti
1897 2186 2154 2247 millibus
2195 2184 2482 2265 peditum,
2525 2197 2588 2246 et
2625 2188 2752 2266 pari

568 2284 835 2362 equitum
861 2300 1126 2356 numero,
1152 2282 1584 2351 confluxerunt,
1613 2291 1674 2341 et
1699 2291 2056 2362 praeruptam
2085 2281 2342 2341 fluminis
2379 2282 2587 2361 ripam,
2630 2301 2752 2360 qua

568 2377 908 2438 Alexandro
960 2377 1202 2437 omnino
1254 2375 1662 2455 trajiciendum
1723 2387 1870 2448 erat,
1911 2377 2278 2436 obsiderunt.
2365 2376 2746 2447 Alexander,
2802 2441 2812 2450 ,

566 2472 798 2534 etiamsi
826 2472 1356 2553 praesentissimum
1404 2472 1730 2550 periculum
1769 2472 1988 2532 instare
2031 2481 2318 2544 cerneret,
2357 2472 2572 2551 quippe
2611 2491 2748 2532 cum

567 2569 691 2628 suis
736 2588 813 2628 ex
856 2568 1129 2628 inferiore
1176 2578 1355 2645 atque
1396 2568 1656 2626 instabili
1701 2567 1834 2627 loco
1882 2569 2036 2643 (erat
2067 2567 2221 2626 enim
2251 2585 2386 2626 cum
2413 2567 2594 2637 udus,
2621 2578 2746 2629 tum

566 2682 739 2723 coeno
765 2663 1052 2735 lubricus)
1076 2670 1280 2737 utpote
1306 2681 1381 2720 ex
1408 2661 1648 2720 flumine
1677 2661 1962 2720 adversus
1993 2661 2196 2722 hostes
2223 2661 2285 2720 in
2313 2662 2596 2722 eminenti
2623 2664 2750 2743 ripa

565 2765 794 2816 stantes
817 2753 1219 2816 dimicandum
1246 2753 1419 2826 foret,
1445 2774 1569 2814 suoe
1597 2764 1798 2815 tamen
1823 2757 2080 2816 fortunae
2109 2775 2182 2816 ac
2203 2756 2424 2829 virtuti,
2455 2756 2746 2836 simulque

562 2849 893 2910 fortitudini
920 2847 1173 2908 militum
1222 2849 1504 2922 confisus,
1548 2869 1779 2910 amnem
1825 2851 2074 2928 trajecit.
2158 2851 2235 2910 Et
2279 2851 2468 2929 primo
2503 2851 2744 2931 quidem

564 2965 685 3004 nou
710 2942 1048 3021 spernenda
1076 2939 1427 3002 difficultate
1454 2963 1716 3021 pressus,
1735 2945 1976 3004 tandem
1995 2955 2190 3006 tamen
2220 2947 2445 3020 hostes,
2471 2965 2592 3006 non
2621 2959 2744 3006 tam

564 3057 677 3098 sua
704 3049 850 3109 arte,
869 3055 1048 3116 quam
1073 3037 1287 3096 virtute
1318 3036 1740 3112 Macedonum,
1771 3040 1913 3100 vicit
1939 3053 2120 3119 atque
2147 3042 2483 3120 prostravit.
2566 3043 2636 3100 In
2667 3061 2742 3101 eo

564 3132 845 3194 conflictu
889 3131 1203 3195 Persarum
1240 3133 1445 3213 viginti
1492 3134 1675 3195 millia
1701 3135 1988 3214 peditum,
2017 3145 2078 3194 et
2106 3154 2249 3197 cer..
2280 3137 2526 3215 equites,
2553 3155 2739 3208 emsa,

564 3227 964 3288 Macedonum
988 3247 1107 3288 non
1136 3229 1270 3307 plus
1294 3247 1549 3290 xxxw.
1572 3231 1864 3292 interfecti
1889 3241 2048 3290 sunt.
2123 3229 2214 3290 Ea
2233 3251 2438 3310 pugna
2457 3249 2740 3310 magnum

564 3321 643 3382 ad
672 3343 766 3384 res
794 3323 1113 3385 Alexandri
1140 3334 1499 3386 momentum
1530 3327 1776 3404 peperit.
1860 3325 2064 3384 Sardis
2093 3327 2271 3399 enim,
2297 3326 2571 3387 maritimi
2597 3328 2735 3387 bar-

561 3418 841 3478 barorum
883 3419 1110 3498 imperii
1160 3421 1689 3499 propugnaculum,
1731 3421 1926 3500 coepit,
1965 3421 2154 3498 iisque
2195 3439 2266 3480 ac
2293 3422 2504 3482 ceteris
2535 3421 2736 3502 Lydiae

558 3513 818 3590 populis,
846 3523 915 3570 ut
958 3512 1191 3592 legibus
1239 3525 1544 3574 uterentur
1582 3517 1728 3588 suis,
1769 3517 2086 3576 concessit.
2171 3515 2494 3596 Ephesum,
2523 3529 2736 3595 quarto

560 3625 675 3683 pos
728 3625 991 3684 pugnarn
1018 3606 1137 3678 die,
1162 3608 1365 3688 elapso
1395 3609 1534 3668 inde
1562 3629 1686 3688 prae
1715 3619 1874 3670 metu
1901 3611 2199 3689 praesidio,
2223 3611 2551 3690 occupavit.
2636 3612 2738 3670 ln-

562 3700 731 3758 terim
777 3718 851 3758 ex
896 3699 1211 3779 Magnesia
1256 3715 1317 3764 et
1354 3703 1649 3764 Trallibus
1698 3705 1880 3783 legati
1909 3717 2216 3778 venerunt,
2243 3706 2473 3767 urbium
2501 3723 2736 3766 suarum

560 3795 926 3855 deditionem
953 3793 1324 3874 pollicentes,
1354 3799 1431 3858 ad
1458 3817 1607 3877 quas
1655 3799 1714 3857 in
1763 3799 1940 3859 fidem
1981 3802 2359 3882 recipiendas
2393 3802 2736 3862 Parmenio-

558 3909 695 3950 nem
748 3909 881 3950 cum
910 3890 1143 3952 duobus
1168 3892 1424 3952 millibus
1452 3905 1513 3951 et
1541 3893 1882 3972 quingentis
1909 3899 2304 3972 mercenariis,
2333 3899 2574 3978 parique
2602 3898 2735 3958 Ma-

558 3985 849 4047 cedonum
878 4005 1143 4062 numero,
1171 3989 1462 4066 equitibus
1494 4009 1568 4050 ex
1596 3991 1798 4050 amicis
1821 3991 2051 4053 circiter
2073 4012 2170 4053 cc.
2193 3994 2373 4053 misit.
2457 3991 2732 4053 Miletum

560 4082 776 4142 deinde
803 4083 913 4142 sibi
940 4084 1310 4144 resistentem
1364 4087 1764 4166 oppugnavit:
1807 4106 1994 4166 eaque
2043 4089 2264 4169 potitus
2310 4108 2518 4149 versus
2569 4087 2728 4146 Hali-

558 4195 868 4240 carnasum
899 4179 1005 4240 iter
1032 4179 1376 4260 ingreditur.
1460 4181 1747 4242 Omnibus
1775 4181 2252 4261 interjacentibus
2281 4183 2510 4265 oppidis
2541 4183 2727 4260 prim-o
