3222 4944
625 420 797 487 1334

629 575 1004 627 cousuetudine
1034 575 1249 625 adorare
1279 588 1398 625 eurn
1435 574 1685 639 incipien-

631 660 730 708 tes,
759 651 960 703 facilius
997 652 1276 713 permoturi
1299 658 1475 701 essent
1505 652 1684 701 Mace-

631 731 808 786 donas‚
867 735 926 777 ιιι
983 728 1275 791 exemplum
1329 736 1684 791 sequerentur,

631 820 756 870 qnos
787 804 911 853 alias
935 803 1000 852 ad
1025 804 1076 851 id
1101 802 1417 866 persuaderi,
1441 804 1578 852 nullo
1601 804 1685 851 vel

631 881 804 945 paucis
828 880 1199 943 praeeuntibus,
1235 879 1450 929 arduum
1475 878 1683 929 videba-

630 963 732 1005 tur.
803 956 934 1005 Post
958 955 1090 1005 hanc
1117 968 1296 1003 vocem
1313 954 1582 1004 Acidalius
1605 956 1684 1003 in·

627 1032 753 1081 serit
804 1036 958 1085 ratus,
1003 1030 1244 1092 exigente
1282 1044 1456 1079 sensu:
1505 1038 1683 1093 putem

626 1115 798 1156 tamen
819 1106 991 1169 potius
1007 1105 1305 1169 absorptam
1328 1104 1486 1156 fuisse
1511 1121 1541 1154 a
1560 1102 1681 1155 cou-

626 1183 778 1231 simili
817 1195 943 1230 sono
981 1181 1234 1244 superiori
1270 1181 1434 1231 linea:
1471 1182 1685 1231 omnibus

621 1256 1200 1321 properatis,ratusquod
1209 1257 1427 1317 olim,&e.
1454 1257 1684 1307 Freinsh-

629 1335 882 1383 Maturum
915 1332 1076 1395 ratus]
1099 1332 1252 1385 Quod
1285 1334 1450 1395 exigit
1491 1348 1691 1395 sensus,

625 1420 678 1459 et
698 1410 852 1459 inseri
879 1411 1040 1460 voluit
1063 1409 1351 1471 Acidalius,
1371 1411 1524 1461 habet
1547 1412 1683 1473 opti-

623 1502 734 1535 mus
759 1486 890 1539 Cod-
910 1487 990 1537 Fi.
1009 1494 1066 1535 ut
1091 1486 1308 1549 proinde
1333 1488 1420 1536 ille
1443 1494 1588 1537 recte
1607 1488 1684 1535 di-

625 1565 845 1625 vinasse,
863 1571 919 1617 et
943 1564 1086 1611 locus
1107 1562 1420 1627 supplendus
1441 1578 1566 1613 voce
1589 1578 1685 1613 sua

628 1640 885 1689 videatur.
921 1638 1072 1687 Surak.

691 1716 855 1763 Etiam
877 1713 1031 1774 credi]
1073 1712 1200 1760 Cum
1229 1720 1398 1760 tamen
1433 1711 1541 1773 ipse
1580 1726 1685 1759 non

627 1791 886 1845 crederet,
909 1804 1006 1837 nec
1029 1801 1274 1851 expresse
1300 1787 1516 1835 studeret
1529 1788 1685 1851 jube·

629 1880 704 1927 re,
724 1874 783 1915 ut
817 1865 1142 1917 crederetur:
1179 1864 1295 1912 vide
1331 1861 1462 1911 infra
1488 1877 1613 1913 vin.
1638 1868 1689 1913 8.

630 1947 707 1992 16.
719 1949 774 1991 et
789 1940 1004 1991 Gruteri
1019 1939 1256 1988 Discors.
1273 1938 1321 1987 in
1340 1938 1506 1989 Tacit.
1521 1952 1686 1989 xxix.

634 2022 682 2067 8.
714 2020 730 2045 ⁶
745 2018 871 2069 Quis
893 2016 1028 2064 enim
1054 2016 1287 2077 imponat
1310 2014 1428 2063 mihi
1447 2015 1562 2073 <ant
1580 2016 1688 2064 cui-

633 2092 735 2157 vis)
770 2092 1130 2143 necessitatem
1155 2090 1236 2139 vel
1265 2088 1517 2139 credendi
1550 2091 1687 2153 quod

632 2169 806 2230 nolim,
829 2169 910 2219 vel
933 2168 1066 2232 quod
1090 2167 1243 2215 velim
1265 2180 1365 2215 non
1385 2166 1633 2215 credendi
1654 2166 1690 2214 ?’

633 2245 696 2297 In
719 2244 900 2309 quibus
917 2244 1090 2309 putari
1109 2242 1270 2305 possit
1291 2242 1549 2303 cogitasse
1565 2243 1689 2291 Ter-

635 2320 924 2382 tullianum,
945 2320 1030 2382 qui
1063 2318 1160 2367 hoc
1189 2318 1416 2381 appellat
1441 2325 1455 2347 ‘
1475 2317 1691 2367 interdi-

633 2410 754 2447 cere
777 2396 1071 2459 opinionem
1093 2392 1400 2457 divinitatis,
1425 2402 1486 2443 ut
1509 2409 1610 2443 non
1636 2396 1692 2443 li·

637 2480 755 2522 ceat
778 2472 901 2522 mihi
929 2470 1100 2521 colere
1123 2485 1274 2534 quem
1300 2470 1471 2531 veliin,
1487 2469 1580 2520 sed
1606 2485 1691 2520 co-

639 2562 732 2612 gar
755 2548 928 2598 colere
952 2561 1102 2611 quem
1128 2545 1321 2595 nolim.’
1355 2547 1574 2596 Freinsh-

703 2625 731 2688 §
751 2628 785 2673 6
820 2625 958 2674 More
983 2623 1262 2685 Persarum]
1287 2625 1364 2670 De
1388 2637 1488 2686 quo
1507 2627 1693 2670 exacte

639 2701 939 2750 Brissonius
985 2705 1104 2760 post
1143 2713 1220 2760 pr.
1266 2697 1381 2745 libri
1429 2696 1580 2759 primi
1628 2696 1694 2745 de

642 2789 801 2837 regno
827 2775 1123 2821 Persarum.
1190 2772 1258 2820 Et
1282 2778 1399 2833 post
1421 2785 1536 2819 eum
1571 2771 1696 2822 Cor·

643 2853 778 2900 dova
799 2851 1108 2899 Didascaliae
1131 2864 1244 2913 cap.
1266 2853 1312 2899 8.
1348 2849 1611 2900 Arnisoens
1632 2851 1698 2898 de

645 2926 870 2989 Republ.
894 2940 957 2974 ιι.
973 2929 1022 2974 8.
1057 2939 1138 2974 ιν.
1157 2928 1236 2974 18.
1271 2931 1326 2973 et
1347 2923 1414 2972 de
1435 2925 1564 2975 Jure
1584 2925 1700 2973 Ma-

638 3002 766 3064 jest.
799 3013 876 3049 vt.
909 2999 1224 3051 19.-Quibus
1256 2998 1390 3048 adde
1427 2999 1700 3049 Philonem

648 3075 716 3124 de
741 3076 920 3138 Legat.
949 3075 1014 3124 ad
1045 3075 1256 3124 Caium:
1289 3074 1304 3101 ‘
1322 3075 1544 3127 Quidam
1585 3076 1702 3125 bar·

647 3149 878 3200 hericum
897 3149 1208 3198 adorationis
1225 3163 1414 3198 morem
1429 3150 1480 3198 in
1498 3149 1703 3200 Italiam

652 3226 956 3286 intulerunt,
1001 3225 1230 3274 nativam
1269 3225 1609 3274 Rornanorum
1647 3226 1705 3272 li·

653 3302 909 3351 bertatem
963 3297 1390 3364 corrumpentes.'
1478 3300 1705 3350 Dionem

653 3377 744 3428 lib.
768 3390 859 3428 nx.
879 3377 946 3427 de
969 3376 1213 3426 Claudio:
1247 3375 1454 3426 ‘Edixit
1493 3389 1558 3426 ne
1594 3377 1709 3441 quis

656 3468 772 3503 eum
797 3453 1054 3510 adoraret,
1077 3466 1143 3501 ne
1167 3453 1279 3516 quis
1312 3453 1413 3514 ipsi
1449 3453 1709 3516 sacrifica-

658 3527 772 3578 ret.’
809 3528 958 3577 Iden.

727 3602 1036 3665 Macedonas]
1059 3599 1328 3652 Hactenus
1348 3603 1482 3654 enim
1507 3604 1709 3655 civilius

661 3692 787 3742 erga
811 3678 900 3726 hos
921 3691 979 3726 se
1000 3685 1243 3742 gesserat,
1275 3685 1332 3728 ut
1355 3693 1506 3742 supra
1528 3680 1594 3729 ad
1631 3693 1709 3732 vr.

664 3760 713 3804 6.
735 3759 787 3804 6.
821 3759 1050 3802 notatum
1077 3759 1184 3801 est:
1221 3767 1320 3816 quo
1353 3755 1535 3804 alludit
1561 3757 1710 3808 Luci-

665 3844 792 3880 auus
812 3828 862 3876 in
889 3835 1008 3876 voto
1032 3827 1277 3889 Samippi,
1310 3832 1514 3880 omuino
1533 3831 1598 3878 ad
1626 3845 1712 3879 ex·

666 3905 889 3968 emplum
909 3904 1056 3967 hujus
1079 3904 1215 3966 regis
1238 3918 1483 3968 expresso
1505 3923 1518 3956 ι
1550 3909 1566 3936 ‘
1585 3910 1713 3957 Bar·

667 3982 780 4032 bari
799 3995 882 4030 me
905 3981 1147 4030 adorent:
1183 3994 1279 4043 ego
1306 3981 1462 4044 juxta
1497 3982 1712 4032 Graeco·

665 4071 782 4110 rum
824 4058 990 4119 legem
1049 4055 1351 4118 imperabo,’
1403 4057 1482 4104 vel
1527 4057 1716 4119 potius,

669 4133 888 4197 trajecta
926 4131 1124 4191 vocula,
1165 4131 1260 4178 τῶν
1297 4128 1537 4188 Ἑλλήνων
1590 4133 1716 4182 κατὰ

667 4207 804 4268 νόμον
825 4207 962 4271 ἄρεω,
989 4206 1174 4258 Gracia
1203 4208 1450 4258 nendum
1481 4209 1607 4268 legen
1626 4209 1714 4256 im-

660 4285 850 4345 perabo.
915 4283 1032 4334 Hoc
1055 4292 1156 4348 est,
1171 4282 1450 4336 secundum
1473 4281 1549 4334 fas
1567 4283 1713 4334 Gra·

1330 434 1540 483 NoTAE
1588 433 1987 484 ultionum
2036 438 2116 486 IN

1758 590 1952 636 corum,
1974 576 2162 640 quibus
2184 575 2583 638 indignissimum
2606 588 2809 640 semper

1760 653 1921 703 visum
1956 667 2257 716 quemquam
2294 653 2541 701 adorare:
2578 666 2727 715 quam
2756 654 2811 701 in

1760 741 1866 775 rem
1892 730 2067 784 ιιιιιΙιιι,
2090 742 2187 777 nec
2210 728 2387 789 ignota
2408 728 2645 790 exempla
2664 725 2814 777 festi·

1755 816 1883 851 nans
1904 798 2201 865 praetereo.'
2234 802 2297 851 Id
2323 816 2443 864 ergo
2458 803 2563 864 jam
2583 817 2615 849 a
2632 803 2815 852 Mace·

1758 876 1976 926 donibus
1992 878 2149 926 etiarn
2169 878 2395 927 audebat
2414 878 2813 940 postulare,rem

1758 953 2127 1014 gravissimam,
2170 954 2367 1003 etiamsi
2428 968 2527 1001 non
2586 954 2813 1003 victores

1758 1045 1873 1079 οιιιιι
1898 1046 1960 1079 eo
1976 1032 2224 1094 gentium,
2241 1030 2333 1080 sed
2357 1030 2419 1079 ab
2437 1030 2671 1081 hostibus
2686 1032 2816 1080 victi

1756 1103 1995 1154 fuissent.
2061 1106 2147 1155 Sic
2186 1107 2319 1155 enim
2359 1106 2489 1155 Livii
2530 1120 2610 1156 rx.
2652 1109 2730 1156 18.
2766 1110 2816 1155 8.

1760 1183 1939 1243 capio:
1972 1188 1986 1210 ·
2019 1180 2355 1231 Desideratus
2378 1182 2514 1230 humi
2531 1182 2821 1246 jacentium

1758 1257 2101 1318 adulationes,
2156 1260 2314 1307 etiam
2368 1257 2519 1307 victis
2566 1258 2815 1307 Macedo-

1758 1334 1906 1383 nibus
1972 1348 2177 1397 graves,
2238 1334 2426 1384 nedum
2490 1334 2808 1385 victoribus!

1760 1410 1981 1459 Freinsh-

1832 1486 2211 1549 Veneram-dos]
2226 1486 2476 1535 Servilem
2492 1486 2703 1542 cultum,
2714 1486 2817 1535 imo

1761 1577 1920 1626 supra
1942 1564 2210 1612 humanum
2248 1574 2301 1611 et
2333 1576 2455 1611 vere
2479 1562 2704 1612 divinum
2742 1564 2821 1613 vis

1764 1638 1904 1686 verbi
1925 1638 2135 1694 indicat,
2160 1638 2291 1701 quod
2316 1637 2685 1687 aversabantur
2706 1638 2817 1687 Ma-

1762 1712 2005 1772 cedones,
2028 1713 2249 1763 civiliter
2270 1712 2489 1761 antehac
2520 1728 2549 1760 a
2584 1726 2705 1775 rege
2727 1726 2821 1763 suo

1762 1788 1945 1837 habiti.
1984 1788 2157 1839 Celtar-

1830 1864 2189 1914 prosternentes
2210 1863 2339 1911 humi
2354 1862 2569 1925 corpore]
2596 1862 2708 1912 Hoc
2722 1872 2825 1926 est,

1764 1940 1899 2003 quod
1924 1941 2112 1990 Graece
2132 1941 2409 2003 προσκυνεῖν
2427 1949 2630 1994 vocant,
2645 1948 2825 1990 ancto-

1765 2031 1823 2065 re
1859 2017 2014 2067 Corn.
2042 2018 2253 2080 Nepote
2286 2016 2337 2065 in
2375 2016 2585 2065 Conone
2622 2030 2740 2078 cap.
2770 2020 2821 2067 3.

1768 2108 1869 2156 quo
1904 2094 2019 2157 plus
2050 2108 2202 2157 quiam
2240 2092 2439 2139 servilis
2462 2090 2699 2140 adoratio
2721 2092 2825 2156 sig-

1766 2168 2021 2231 nificatnr,
2064 2169 2267 2217 Graecis
2308 2176 2364 2217 et
2406 2167 2639 2217 omnibus
2682 2167 2825 2229 iuge-

1766 2246 1879 2294 nuis
1913 2260 2118 2309 semper
2149 2244 2318 2309 gravis
2358 2254 2415 2293 et
2442 2245 2680 2294 molesta.
2719 2244 2827 2293 Cel·

1765 2324 1857 2370 lar.
2592 2318 2605 2327 “

1835 2396 2108 2445 Perniciosa
2140 2392 2373 2455 adulatio]
2404 2395 2626 2444 Exstant
2664 2394 2831 2443 multa

1768 2474 1959 2536 passim
1980 2472 2177 2534 optima
2200 2470 2342 2521 dicta
2362 2470 2412 2519 iu
2438 2470 2679 2533 pessimos
2700 2468 2831 2518 adu-

1768 2549 1983 2610 latores,
2017 2561 2133 2611 quae
2168 2555 2223 2595 tu
2264 2545 2401 2609 apud
2431 2559 2520 2593 eos
2558 2544 2829 2608 leges,qui

1770 2637 2062 2674 communes
2086 2623 2225 2672 locos
2258 2623 2309 2670 in
2333 2621 2683 2684 Polyantheas
2707 2634 2829 2669 con-

1760 2701 1968 2764 jecere;
2004 2700 2221 2762 plurima
2255 2712 2456 2761 quoque
2498 2697 2685 2760 passim
2714 2696 2829 2746 Sto·

1774 2776 1915 2826 baeus
1938 2789 1976 2824 1.
1999 2779 2082 2825 42.
2113 2774 2178 2823 ad
2206 2789 2321 2838 quae
2345 2787 2448 2822 non
2473 2787 2638 2837 pauca
2660 2772 2831 2834 Ορω-

1773 2867 1931 2916 poeus.
1966 2851 2203 2900 Ruderus.

1839 2927 2129 2989 Perpetuam
2148 2927 2321 2974 malum
2340 2924 2530 2988 regum]
2552 2923 2835 2974 Adsentior

1776 3002 1926 3066 plane
1951 3003 2225 3050 Bernartio
2256 3002 2335 3050 his
2357 3001 2530 3050 verbis
2552 2999 2837 3048 adstruenti

1776 3077 2047 3128 lectionem
2070 3078 2201 3128 Cod.
2228 3078 2330 3125 Ms.
2363 3077 2499 3140 apud
2522 3076 2742 3124 Statium
2768 3089 2837 3128 ιι.

1777 3158 1891 3204 257.
1943 3153 2096 3202 ‘Non
2151 3152 2338 3201 desunt
2386 3151 2533 3214 regni
2566 3152 2784 3200 comites
2802 3151 2838 3211 ;’

1776 3229 1875 3277 hoe
1936 3234 2036 3291 est,
2076 3227 2390 3287 adulatores,
2431 3225 2519 3290 qui
2577 3234 2836 3288 perpetuo

1779 3305 1975 3353 liaereut
2002 3318 2177 3368 regno,
2202 3317 2301 3352 non
2336 3303 2465 3362 regi,
2488 3309 2544 3350 et
2575 3298 2836 3350 fortunam

1784 3381 1955 3442 potius
1976 3384 2290 3442 magnatum.
2308 3391 2456 3440 quarn
2480 3377 2621 3440 ipsos
2642 3383 2841 3437 amant,

1782 3465 1841 3501 ιιι
1860 3455 2028 3500 innuit
2050 3453 2389 3500 Germanicus
2424 3448 2561 3512 apud
2585 3450 2750 3498 Tacit.
2776 3464 2841 3500 tt.

1783 3532 1864 3577 71.
1904 3531 1953 3575 6.
2020 3525 2169 3574 Adde
2201 3523 2471 3574 Attianum
2511 3525 2563 3574 in
2600 3526 2839 3589 sequenti

1784 3609 1925 3652 nota.
1960 3599 2177 3652 Frsiash.
2210 3598 2440 3648 Adulatio
2452 3608 2725 3664 perpetuum
2741 3617 2841 3650 mv

1784 3675 1901 3738 ham]
1942 3675 2163 3739 Semper
2200 3676 2335 3724 enim
2378 3689 2576 3738 niagnoe
2619 3676 2839 3728 fernam

1786 3765 1957 3802 coines
1988 3758 2071 3800 est
2104 3750 2349 3801 adulatio.
2388 3751 2519 3801 Veli.
2542 3753 2753 3804 Patere.
2774 3767 2840 3804 ιι.

1788 3833 1899 3877 1⁰2.
1938 3829 2112 3876 Celtar-

1850 3901 2036 3964 διψία
2068 3899 2358 3963 mutatio]
2401 3899 2682 3953 verissima
2716 3918 2841 3968 gno·

1787 3992 1890 4039 rue,
1928 3987 1985 4028 et
2018 3979 2070 4026 in
2106 3993 2207 4042 qua
2246 3975 2583 4038 exprimenda
2616 3987 2841 4030 certasse

1788 4055 2062 4104 videantur
2117 4061 2373 4104 auctores.
2456 4052 2731 4116 Capitolia.
2788 4056 2842 4104 in

1790 4131 2069 4184 Gordianis
2099 4145 2212 4194 cap.
2242 4133 2324 4177 2⁶.
2357 4134 2371 4155 ‘
2390 4122 2554 4176 Miser
2583 4137 2660 4177 est
2682 4130 2843 4189 impe-

1792 4217 1946 4268 rator,
1988 4206 2122 4270 apud
2168 4218 2319 4269 quem
2367 4217 2484 4252 vera
2520 4204 2841 4256 reticentur.'

1772 4281 2203 4347 Agatharchides
2226 4281 2362 4346 apud
2376 4277 2615 4336 Photium
2634 4296 2649 4330 z
2674 4288 2688 4310 ⁸
2706 4281 2843 4332 Novi
