3222 4944
596 368 769 435 1552

600 524 697 576 bur
717 520 919 573 editur=
954 520 1045 571 aed
1078 529 1351 587 corruptus
1374 530 1455 573 eat
1478 524 1652 585 locua3

598 615 696 653 nee
717 599 1004 663 quisquam,
1032 598 1231 663 opinor,
1262 600 1397 647 inter
1428 599 1556 649 iatoa
1579 599 1653 648 A-

596 678 829 729 lexandri
861 678 1021 728 dueea
1038 676 1135 727 hoc
1156 676 1357 725 nomine
1380 676 1656 737 reperitur.

658 754 907 803 Seleucus
924 752 1167 803 Antiochi
1191 754 1253 802 F.
1276 752 1466 803 Juatin.
1485 764 1581 801 xv,
1603 754 1656 799 4.

598 834 646 881 8.
707 830 858 893 Syria
898 835 955 877 et
985 828 1255 891 Babylone
1286 828 1504 889 potitur.
1557 826 1654 875 Ce-

598 905 807 954 drenua.
826 902 1132 953 Euaebiaua.
1160 903 1389 965 Dexipp.
1416 900 1652 949 Latinob.

597 980 886 1042 Appianua.
926 977 1078 1029 Quod
1100 977 1307 1040 quidem
1330 975 1577 1025 Arrianus
1598 981 1655 1025 et

601 1054 755 1103 Diod.
794 1066 961 1103 xvm.
996 1056 1047 1101 ⁸.
1077 1055 1128 1100 9.
1160 1051 1351 1100 docent
1395 1051 1445 1098 iu
1485 1058 1654 1114 poete-

600 1131 721 1179 riori
760 1128 1009 1178 diviaione
1043 1126 1249 1175 demum
1280 1125 1559 1175 aecidiaae:
1593 1126 1652 1173 ll·

598 1212 685 1254 cet
731 1203 890 1268 priori
930 1202 1127 1251 tribuat
1162 1202 1222 1251 L.
1262 1199 1529 1263 Ampeliua
1551 1218 1567 1249 ε
1598 1208 1654 1249 et

597 1288 722 1329 aaue
753 1294 785 1327 a
820 1277 1070 1326 Perdicca
1108 1276 1421 1339 Babylonios
1441 1274 1653 1325 Archon

600 1359 893 1416 acceperat,
910 1360 967 1400 ut
988 1365 1143 1415 aupra
1165 1358 1437 1400 oatenaum.
1490 1350 1575 1400 'At
1600 1352 1652 1417 iu

600 1430 697 1477 hac
712 1426 1071 1477 distributione
1093 1424 1377 1487 preficitur
1398 1426 1654 1487 equitatui

602 1503 878 1553 amicorum
900 1501 997 1565 (aie
1020 1500 1157 1549 enim
1180 1514 1297 1562 aup·
1318 1499 1381 1547 ad
1407 1513 1484 1549 vt.
1505 1503 1555 1549 9.
1572 1503 1655 1551 21.

601 1575 968 1641 τὴκῑιταρχίαν
987 1579 1084 1625 τῶν
1102 1575 1297 1638 ἑταίραν
1314 1574 1656 1638 reddidimus)

604 1670 755 1717 quern
780 1655 920 1718 priua
941 1654 1303 1715 Hephaistion,
1324 1651 1511 1699 exinde
1528 1652 1655 1701 Per·

603 1731 773 1779 diccaa
816 1730 1091 1777 liabueratz
1140 1726 1277 1791 quod
1320 1732 1433 1776 erat
1474 1740 1656 1775 muuua

602 1817 809 1852 stimme
832 1802 1117 1863 dignitatis.
1184 1800 1397 1859 Ἡγεμὸιν
1408 1802 1495 1857 τῆς
1512 1800 1658 1857 ira-m

603 1880 689 1935 viia
708 1877 941 1939 ἑταιρικῆς
962 1882 1171 1923 vocatur
1190 1875 1255 1923 ab
1273 1873 1532 1936 Appiano.
1568 1876 1656 1924 De

606 1966 709 2014 qua
732 1965 788 1999 re
822 1948 1117 2011 Dexippum
1146 1956 1202 1997 et
1225 1947 1496 1997 Attianum
1521 1948 1656 2001 vide.

604 2026 836 2087 Ideoque
866 2026 1140 2071 ‘summum
1174 2030 1457 2072 castrorum
1492 2024 1656 2073 tribu·

605 2099 815 2150 natum'
864 2098 1239 2160 interpretatus
1280 2104 1361 2147 eat
1397 2098 1656 2149 Justiuua.

604 2175 803 2223 Postea
821 2187 852 2221 a
874 2171 1161 2235 Babylonia
1178 2171 1425 2234 iucipiens
1456 2176 1474 2203 ⁸
1493 2174 1662 2223 tenuit

606 2262 765 2313 regua
808 2246 1074 2309 Persidia,’
1106 2247 1475 2311 imperiumque
1512 2238 1659 2297 auum

604 2330 623 2353 ¹
639 2323 781 2372 auxit
803 2323 984 2371 mirum
1008 2322 1060 2370 iu
1096 2320 1339 2383 modum,'
1369 2322 1662 2371 Marcellin.

608 2412 730 2449 xiv.
754 2403 835 2449 26.
860 2404 917 2446 ut
938 2397 1171 2460 pluribus
1195 2398 1517 2461 imperitaret
1537 2412 1662 2461 gen-

607 2472 769 2533 tibur,
797 2486 949 2537 quam
986 2480 1109 2536 poat
1140 2469 1491 2522 Alexandrum
1524 2471 1662 2538 quia·

610 2563 761 2612 quam
785 2561 931 2597 unua.
986 2547 1255 2611 Appianua
1274 2547 1520 2610 Syriai-ia.

670 2623 947 2689 Sibyrtiua,
982 2623 1211 2673 Diodoro
1244 2634 1367 2671 ιιι.
1405 2626 1481 2671 1⁴.
1514 2621 1662 2685 Siby-

608 2699 761 2760 ritua,
790 2698 1099 2748 nanciacitur
1120 2697 1451 2746 Arachosiam
1477 2705 1533 2746 et
1556 2697 1662 2747 Ge·

607 2775 849 2824 drusiam.
916 2772 1135 2822 Diodor.
1166 2773 1460 2836 Dexippus.
1497 2771 1662 2823 sunti-

610 2863 725 2898 uua.
770 2848 1099 2898 Latiuobarb.
1134 2848 1150 2876 ‘
1170 2847 1457 2897 Arachosia
1486 2853 1661 2896 autem

609 2933 665 2972 et
686 2923 935 2972 Cedruaia
966 2921 1228 2971 Sibartam
1260 2920 1517 2970 ordinavit
1548 2936 1662 2981 reg-

608 2997 767 3045 nare.’
844 2992 1094 3041 Firmavit
1134 2998 1189 3041 et
1230 2992 1351 3040 ltuie
1392 2993 1662 3054 imperium

609 3083 754 3119 auum
800 3066 1095 3130 Antipater.
1160 3066 1401 3116 Arrianus
1444 3067 1533 3116 lib.
1580 3081 1660 3118 ιι.

608 3145 674 3193 Ei
695 3143 983 3206 Antigonus
1015 3140 1231 3191 tradidit
1264 3142 1508 3191 Eumenia
1544 3157 1662 3205 pro-

607 3218 803 3269 ditores
818 3217 961 3280 Δις]
969 3216 1214 3278 raapidaa.
1236 3217 1501 3267 Plutarch.
1513 3219 1664 3266 Eum.

610 3307 727 3356 cap.
758 3297 843 3342 ⁸4.
906 3293 992 3342 Sic
1012 3291 1149 3342 enim
1172 3293 1243 3340 ibi
1266 3292 1541 3355 legendum
1567 3306 1662 3354 pro

615 3370 631 3398 ⁸
648 3367 849 3432 Ibyrtio
868 3366 881 3390 ’
916 3367 1113 3416 monuit
1130 3368 1441 3429 Bougaraiua
1456 3367 1521 3416 ad
1539 3367 1573 3418 J
1578 3382 1662 3416 ua-

612 3443 707 3493 tiu.
741 3443 839 3492 hoc
874 3443 1006 3491 loco.
1074 3443 1175 3492 Hic
1205 3451 1375 3492 autem
1411 3445 1567 3492 etiam
1594 3443 1662 3491 ab

609 3519 722 3580 ipao
745 3517 1037 3566 Alexandro
1062 3516 1419 3579 praefectoriis
1444 3518 1663 3580 regioni-

613 3592 707 3640 bua
726 3590 913 3641 fuerat.
982 3592 1192 3641 Curtius
1214 3605 1294 3642 ιι.
1319 3597 1399 3641 to.
1420 3596 1501 3641 20.

676 3667 915 3729 stagnor.
980 3666 1149 3714 Vide·
1136 3680 1187 3714 m
1210 3668 1456 3716 Nicanor.

674 3741 953 3790 Staaander
990 3741 1207 3803 Cyprius
1242 3742 1569 3806 conaequitur
1590 3740 1662 3789 A·

614 3820 741 3868 riam
788 3825 846 3867 et
895 3817 1199 3878 Dranginam
1251 3818 1315 3867 ab
1368 3819 1664 3881 Antipatro.

613 3893 775 3944 Diod.
807 3903 924 3942 ιιι.
959 3894 1037 3940 14.
1089 3890 1292 3940 Arriau.
1331 3905 1481 3955 quam
1520 3893 1662 3956 priua

612 3967 881 4017 habuerat.

680 4045 925 4095 Staaanor
960 4043 1125 4092 Solius
1160 4056 1225 4092 ex
1264 4042 1445 4093 eadem
1478 4042 1661 4094 insula.

618 4121 890 4170 Diodorus.
928 4119 1223 4182 Dexippus.
1272 4118 1523 4169 Juatiuus.
1572 4119 1660 4184 qui

618 4203 799 4256 postea
828 4197 893 4246 ab
929 4195 1206 4259 Antipatro
1240 4195 1567 4246 Bactrianam
1604 4201 1661 4244 et

1293 384 1509 433 NOTAE
1558 384 1896 433 vamoms
1909 384 1958 430 M

2010 383 2087 431 lu

1725 523 2034 587 Sogdianam
2070 522 2288 587 accepit.
2354 522 2620 572 Arrianus.
2653 522 2778 571 Dio-

1725 600 1897 648 dorus.
1917 614 2010 662 pro
2031 600 2045 627 ‘
2065 599 2286 649 Ariaua'
2307 598 2456 647 nobis
2475 599 2492 625 ⁴
2508 593 2782 647 Arabiam’

1726 674 1960 723 obtrudit
1997 675 2464 725 Latinobarbarua:
2500 673 2778 723 ‘At-abiam

1726 762 1898 801 autem
1927 760 2085 802 totam
2109 752 2392 801 Stasanoro
2409 750 2656 801 donavit-⁹

1789 828 1998 877 Taxilea
2025 828 2206 877 itidem
2239 840 2452 891 reguum
2489 840 2634 875 auum
2657 826 2781 876 reti·

1727 904 1860 963 nuit,
1882 911 1940 953 ut
1961 904 2148 953 Porus.

1791 978 2118 1041 Tlepolemus
2150 976 2464 1041 Pytopltania
2487 977 2548 1025 F.
2571 976 2784 1026 Carma-

1728 1053 1862 1101 niam
1918 1050 2220 1101 Alexandro
2285 1052 2541 1114 largiente
2597 1052 2782 1101 tenuit.

1728 1125 1974 1175 Ari-ianua
2007 1139 2083 1174 vr.
2119 1133 2166 1175 5.
2202 1131 2250 1176 1.
2316 1128 2654 1189 Quapropter
2692 1142 2784 1176 ne·

1729 1203 1999 1267 quicquam
2037 1202 2304 1251 Peraideut
2343 1202 2392 1250 ei
2427 1202 2614 1251 tribuit
2639 1204 2777 1252 Ced-

1731 1292 1838 1327 ren.
1872 1278 1960 1341 qui
1989 1286 2046 1328 et
2069 1279 2246 1327 vitiose
2273 1280 2585 1340 ffipolemmn
2613 1286 2783 1341 vocat,

1730 1351 2022 1401 Eusebiana
2055 1359 2317 1416 sequutus.
2379 1352 2704 1400 Carmaniam
2725 1366 2781 1400 e-

1731 1428 1833 1476 nim
1857 1428 1908 1477 ei
1945 1442 1974 1476 a
2010 1427 2266 1477 Perdicca
2301 1438 2506 1490 quoque
2535 1426 2778 1477 tributam

1729 1509 1934 1552 constat
1949 1516 2016 1552 ex
2038 1501 2287 1557 Diodoro.
2353 1500 2784 1551 Latinobarbarua

1731 1577 1885 1626 etiam
1927 1576 2272 1632 Germaniam.
2308 1577 2404 1625 hoc
2437 1583 2539 1637 eat,
2575 1576 2785 1625 Carma-

1731 1650 2187 1714 niam‚'l¹ripolemo
2209 1650 2497 1714 adjudicat,
2513 1651 2784 1714 Dexippus

1733 1721 2105 1787 Neoptolemo:
2141 1726 2230 1775 ned
2269 1726 2542 1789 utrobique
2577 1740 2784 1789 corrup·

1731 1802 1839 1845 tum
1861 1811 1975 1846 eaae
1995 1812 2202 1859 nomen,
2219 1806 2418 1848 eertum
2439 1806 2521 1847 eat
2543 1812 2607 1848 ex
2630 1812 2786 1861 supra

1730 1871 1914 1931 dictia;
1947 1874 2072 1921 item
2109 1872 2318 1921 Arriani
2353 1876 2490 1935 apud
2526 1876 2676 1924 Pliot.
2699 1874 2787 1923 lib.

1731 1960 1812 1997 ιι.
1833 1956 1888 1997 et
1909 1948 2129 1998 Diodor.
2145 1960 2309 1998 xvin.
2325 1952 2409 1997 89.
2425 1948 2508 1997 nbi
2531 1948 2784 1999 firmatam

1733 2022 1780 2072 ei
1803 2021 1868 2071 ab
1896 2021 2174 2086 Antipatro
2205 2023 2334 2072 lianc
2359 2023 2672 2085 provinciam
2711 2025 2785 2073 le-

1732 2098 1916 2159 gimus.
1981 2097 2132 2161 Apud
2167 2098 2402 2147 eumdem
2451 2105 2624 2147 tamen
2663 2100 2788 2149 Dio·

1732 2170 1914 2219 dorum
1939 2184 2054 2221 ιιι.
2077 2174 2151 2221 u.
2221 2172 2446 2221 Polemon
2467 2174 2782 2235 appellatur.

1732 2245 1902 2306 Hujua
1943 2254 2114 2295 autem
2151 2246 2434 2308 Tlepolemi
2470 2248 2784 2309 provinciam

1734 2321 2056 2370 Carmaniam
2079 2320 2144 2369 ab
2176 2320 2424 2369 Armenia
2453 2322 2786 2385 Neoptolemi

1734 2394 1820 2443 vix
1859 2403 2005 2446 certo
2038 2395 2339 2458 distinguas.
2379 2395 2510 2444 adeo
2541 2404 2596 2444 et
2627 2396 2786 2445 homi-

1735 2484 1854 2520 num
1879 2472 2080 2520 illorum
2101 2479 2158 2519 et
2194 2470 2417 2519 locorum
2449 2470 2669 2531 nomina,
2693 2485 2788 2535 per

1737 2547 2050 2596 vicinitatem
2085 2547 2194 2595 aoni
2235 2553 2426 2595 m'utuae
2473 2549 2788 2610 corruptioni

1733 2631 1854 2670 sunt
1877 2628 2187 2684 opportuna.

1799 2698 1975 2746 Habea
2013 2699 2218 2747 nomina
2251 2710 2538 2760 procerum,
2569 2699 2623 2746 in
2660 2713 2788 2763 quoa

1737 2773 2057 2834 praegrandis
2077 2773 2282 2834 imperii
2305 2771 2530 2820 membra
2548 2771 2789 2822 distribu-

1737 2855 1791 2896 ta
1833 2855 1968 2896 aunt.
2037 2845 2120 2894 Ad
2161 2846 2440 2909 pleniorem
2477 2855 2648 2896 autem
2680 2855 2786 2898 tam

1735 2934 1936 2983 magne
1971 2923 2044 2968 rei
2085 2921 2431 2982 intellectum,
2463 2922 2600 2984 ipaaa
2627 2924 2786 2971 etiam

1737 2995 2045 3058 provincias,
2093 2996 2376 3059 quibusque
2421 2997 2626 3046 tradita
2673 2995 2787 3046 fue·

1737 3071 1857 3134 rint,
1877 3073 2055 3120 eadem
2071 3071 2206 3120 aerie
2225 3083 2593 3135 percurremus.
2627 3071 2784 3122 Quod

1737 3159 2022 3210 quanquam
2063 3144 2202 3194 tedii
2239 3144 2469 3194 nonnihil
2503 3151 2560 3192 et
2595 3144 2786 3194 laboris

1735 3221 2008 3281 plurimum
2043 3216 2252 3280 habeat,
2285 3218 2426 3282 (uam
2449 3217 2515 3266 de
2546 3221 2787 3281 temporia

1736 3295 1946 3357 penuria
1967 3294 2055 3342 diu
2076 3293 2222 3357 queri
2243 3293 2359 3355 ejua
2389 3299 2488 3347 eat.
2509 3293 2598 3356 qui
2619 3295 2786 3356 poaait

1735 3368 2002 3433 perdere‚)
2037 3377 2204 3418 umen
2239 3368 2476 3418 utilitatis
2498 3367 2786 3419 facilitatis-

1733 3457 1832 3507 que
1854 3459 2056 3504 caussa,
2080 3457 2231 3506 quam
2261 3445 2372 3504 ipae
2404 3439 2658 3492 estimare
2693 3458 2784 3505 po·

1735 3521 1881 3582 teria,
1901 3519 2094 3568 lubenti
2117 3519 2284 3568 animo
2306 3519 2626 3582 suscipimus.
2680 3521 2786 3570 No·-

1737 3595 1946 3643 tandum
2013 3600 2203 3657 autem,
2257 3594 2526 3656 plurimam
2575 3595 2784 3644 istarum

1737 3667 2110 3731 provinciarum
2136 3675 2333 3730 partem
2364 3668 2508 3717 brevi
2532 3668 2582 3716 in
2617 3683 2785 3732 pauca

1735 3758 1893 3806 regna
1927 3743 2170 3793 ceasiaae:
2207 3743 2528 3793 Macedonia
2564 3743 2786 3807 Antipa-

1737 3819 1821 3881 tri,
1866 3819 2004 3866 Aaiae
2044 3819 2308 3882 Antigoni,
2347 3819 2561 3881 AEgypti
2606 3818 2782 3869 Ptole·

1734 3894 1867 3954 rna-i,
1903 3895 2067 3957 Syriai
2106 3896 2330 3954 Seleuci,
2367 3894 2598 3944 Thracia
2637 3895 2786 3956 Lysi·

1732 3969 1918 4026 machi,
1941 3979 1995 4019 et
2021 3969 2184 4019 Indiae
2197 3968 2558 4019 Sandroeotti:
2592 3969 2680 4033 qui
2697 3981 2786 4018 ce-

1732 4051 1870 4094 teros
1907 4045 2276 4095 commilitones
2305 4055 2420 4092 auoa
2453 4044 2687 4106 potentia
2709 4042 2782 4090 vi·

1736 4128 1892 4183 taque
1933 4123 2146 4170 multum
2177 4120 2498 4183 supergressi
2530 4117 2775 4168 feruntur.

1731 4195 1898 4258 Igitur
