3222 4944
587 343 764 415 1092
980 389 998 420 t

1237 363 1414 414 CHR-
1461 359 1827 414 caenanti
1878 362 1967 420 SU
1980 361 2144 415 ΡΠ..

589 526 713 578 rett
755 515 976 595 quippe
997 523 1206 576 mutuo
1235 515 1312 576 ad
1343 536 1545 596 regem
1576 516 1871 577 criminati
1897 517 2155 578 fueraut.
2206 517 2268 578 9.
2314 515 2517 577 Persis
2549 535 2787 600 quoque

585 615 646 674 in
677 612 1196 692 supplementums
1235 614 1430 687 lectis,
1455 633 1713 694 quorum
1742 613 1949 694 viginti
1973 614 2156 674 millia
2189 613 2517 678 Peucestas
2548 617 2789 676 addux-

581 721 730 785 erat,
773 709 944 770 Susis
1004 729 1108 768 rex
1152 710 1495 772 Ecbatana¹
1531 709 1856 790 profectus,
1916 709 2409 790 Hephaestionem
2460 712 2787 792 principem

585 808 961 868 amicorum!n
999 807 1236 878 amittit,
1285 805 1466 886 cujus
1521 826 1729 870 casum
1782 807 2207 868 immoderate¹'
2248 808 2469 880 ferenS,
2516 821 2788 870 sumtuo-

565 877 894 966 'sissimas''
961 902 1083 964 fleri
1137 905 1419 982 exequias
1468 904 1673 985 jussit,
1734 923 1989 977 necnon,
2055 915 2125 964 ut
2195 903 2328 965 Deo
2354 909 2382 946 Ρ
2446 907 2788 968 sacrificari.

589 1007 690 1064 10.
732 1001 890 1060 Hinc
927 1019 1034 1078 per
1061 1000 1484 1063 Cossaeorum*¹
1526 1011 1791 1081 gentem,
1820 1001 2101 1062 liberam‘
2138 1013 2341 1076 antea,
2378 1013 2440 1064 et
2466 1004 2789 1082 Persarum

581 1097 892 1178 imperium
921 1109 1362 1176 aspernantem,
1379 1099 1695 1181 Babylona
1718 1099 2131 1180 proficiscitur,
2159 1099 2259 1158 ubi
2286 1100 2605 1160 multarum
2632 1121 2787 1182 gen·

580 1195 733 1260 tium
777 1193 990 1274 legati·
1055 1197 1252 1276 ipsum
1279 1197 1703 1278 expectabant.

583 1362 781 1428 ‘gantiae
804 1369 857 1416 et
883 1367 1202 1422 curiositatis
1233 1373 1651 1426 insimulaverat:

581 1449 772 1490 contra
816 1442 1091 1509 Olympias
1131 1445 1472 1514 Antipatrum
1515 1452 1652 1502 inso-

581 1515 763 1566 lentias
793 1525 852 1568 et
883 1522 1096 1584 majoris
1121 1523 1345 1590 imperii,
1367 1541 1520 1593 quam
1555 1542 1653 1592 pro

581 1592 858 1655 praefecto.
925 1597 1657 1672 Hujusmodiliterasplym·

581 1668 751 1730 piaclis
783 1685 899 1722 cum
937 1665 1218 1738 aliquando
1241 1678 1549 1742 Hephaestio
1575 1680 1651 1730 in-

583 1743 862 1807 spexisset,
895 1745 1200 1798 Alexander
1240 1754 1448 1802 anulum
1481 1754 1651 1816 digito

581 1815 873 1868 detractum
917 1822 992 1871 ori
1051 1824 1440 1890 Hephaestionis
1485 1830 1649 1891 inpri-

579 1905 727 1941 mens
763 1896 906 1946 sileri
943 1899 1132 1962 cupiit,
1153 1917 1270 1967 qnae
1295 1905 1360 1954 de
1385 1905 1649 1956 simultate

581 1969 760 2020 matris
797 1976 854 2020 et
885 1973 1129 2036 praefecti
1147 1981 1494 2042 cognovisset.
1561 1981 1652 2033 Ita

579 2042 852 2095 Plutarch.
866 2045 928 2118 'in
953 2048 1342 2118 Apopbthegm.

639 2115 666 2152 ¹¹
696 2120 868 2171 Persis
897 2123 952 2172 s'n
985 2127 1378 2194 supplementwn]
1426 2131 1653 2186 Diodor-

579 2205 723 2247 xvu.
745 2200 862 2248 110.
923 2199 1140 2254 Arrian.
1163 2217 1267 2254 vn.
1295 2221 1348 2269 p.
1371 2211 1490 2260 493.

640 2268 656 2303 ¹
679 2271 822 2322 Susis
842 2290 932 2324 rex
955 2277 1231 2346 Ecbatana]
1257 2283 1522 2335 Diodorus
1543 2301 1594 2335 c.
1618 2286 1652 2335 Ι.

575 2345 758 2412 (quem
782 2350 1166 2405 Freinshemius
1185 2357 1237 2406 in
1253 2358 1649 2424 Supptementis

577 2424 843 2491 sequitur)
873 2430 1037 2479 multa
1069 2432 1242 2483 medio
1273 2435 1464 2486 itinere
1483 2437 1647 2489 inter-

579 2503 744 2567 ponit,
777 2520 892 2569 quau
929 2509 1096 2571 primo
1119 2510 1314 2563 intuitu
1341 2514 1554 2565 turbare
1575 2517 1650 2566 lo·

577 2591 758 2629 corum
808 2583 966 2633 situm
1021 2586 1284 2637 videntur.
1366 2591 1460 2641 Ait
1507 2592 1649 2641 enim

575 2652 937 2707 Alexandrum
989 2661 1134 2711 Susis
1190 2678 1456 2727 egressum
1504 2668 1651 2731 Tigri

576 2740 823 2794 superato
860 2736 1052 2785 Carras
1087 2739 1312 2803 venisse,
1359 2741 1482 2791 inde
1517 2758 1649 2809 qna·

579 2808 756 2859 triduo
767 2810 954 2860 Sittam
976 2812 1024 2877 (‘
1041 2813 1346 2866 Sittacenen
1359 2816 1375 2839 '
1393 2819 1648 2881 Freinsb.)

575 2896 920 2947 peragrasse:
951 2888 1072 2937 ltine
1089 2888 1155 2938 ad
1175 2892 1415 2958 Celonas,
1429 2895 1643 2946 Boeotos

577 2971 790 3021 genere,
840 2975 871 3009 a
911 2962 1092 3013 Xerxe
1154 2966 1444 3031 abductos;
1495 2978 1553 3019 et
1587 2972 1643 3021 in

577 3032 702 3081 alias
760 3043 977 3097 gentes:
1036 3040 1248 3091 tandem
1301 3044 1358 3095 in
1409 3044 1641 3096 Mediam

577 3123 909 3175 progressum
977 3116 1261 3169 Ecbatanis
1331 3122 1639 3173 substitisse.

575 3183 694 3235 Quo
761 3188 914 3238 modo
971 3200 1144 3243 autem
1199 3210 1268 3245 ex
1331 3197 1472 3245 Siisis
1529 3207 1635 3248 tarn

576 3274 806 3326 propere
855 3266 1027 3330 Tigris
1095 3270 1399 3333 transmitti,
1454 3272 1635 3325 Carrae

571 3336 830 3400 Euphrati
861 3342 1135 3394 viciniores
1159 3346 1302 3411 peti;
1336 3348 1456 3397 inde
1477 3350 1641 3401 Sitta-

573 3426 723 3475 cena,
744 3429 857 3479 quae
882 3426 1026 3469 trans
1042 3421 1218 3484 Tigrin
1241 3424 1294 3471 in
1316 3420 1532 3488 Assyria
1555 3438 1641 3477 est

549 3491 812 3555 proxima
843 3494 1092 3559 Susianae,
1128 3501 1392 3563 peragrari
1429 3504 1639 3564 potest?

575 3564 692 3615 Nec
725 3572 898 3631 tamen
937 3586 1136 3623 errasse
1171 3575 1458 3627 Diodorum
1493 3588 1637 3639 puto.

573 3641 590 3667 ‘
611 3642 810 3705 Tigris'
834 3646 932 3709 ipsi
961 3650 977 3676 ‘
998 3650 1298 3716 Pasitigris'
1325 3664 1426 3715 est,
1450 3652 1639 3707 fluvius

571 3728 690 3781 post
711 3720 842 3771 Susa
866 3724 930 3771 ad
965 3726 1217 3775 orientem
1243 3728 1296 3777 in
1321 3730 1485 3793 limite
1508 3732 1638 3782 Per-

569 3792 694 3855 siae;
719 3803 779 3844 ut
802 3812 958 3861 snpra
982 3799 1046 3848 ad
1073 3814 1124 3849 v.
1147 3805 1195 3849 3.
1220 3806 1264 3851 1.
1286 3804 1630 3857 ostendimus:

571 3870 752 3921 Carrae
791 3888 890 3923 non
935 3884 1056 3924 snut
1090 3877 1510 3941 Mesopotamiae,
1541 3883 1634 3932 sed

571 3946 815 4009 ignobilis
838 3951 975 3999 ultra
998 3950 1288 4015 Pasitigrin
1311 3954 1475 4021 locus,
1497 3959 1634 4022 quod

569 4020 790 4073 Diodori
816 4024 974 4074 verba
996 4026 1243 4090 indicant,
1265 4030 1318 4079 ἐν
1335 4033 1443 4081 ταῖς
1458 4031 1637 4097 Κάραις

567 4097 880 4163 καλουμέναις
901 4100 1090 4165 κώμαις,
1112 4105 1175 4151 nd
1203 4108 1356 4155 Caras
1376 4109 1528 4159 dictos
1555 4128 1639 4175 pa-

561 4186 674 4233 gos.
747 4177 932 4227 Utrum
959 4180 1160 4231 ‘Sitta'
1193 4182 1409 4237 Diodori
1443 4188 1637 4241 ‘Sitta-

1791 1199 1886 1258 11.
1930 1195 2085 1258 Cum
2114 1215 2252 1258 cce.
2282 1197 2358 1258 ab
2386 1199 2532 1258 urbe
2558 1199 2774 1263 stadiis

1724 1369 1885 1420 cena'
1927 1373 2014 1432 sit,
2069 1375 2351 1428 incertum:
2408 1379 2521 1431 ltaec
2578 1379 2789 1446 quidem

1725 1446 1921 1499 Mediae
1945 1451 2189 1515 subjacet
2208 1455 2274 1505 ab
2298 1454 2513 1520 Austro,
2531 1455 2695 1522 (Plin.
2712 1471 2793 1508 vr.

1722 1522 1835 1588 26.)
1874 1538 1977 1575 non
2014 1535 2188 1578 autem
2224 1531 2293 1580 ab
2328 1530 2567 1590 Oriente,
2600 1531 2695 1582 sed
2721 1531 2793 1582 av

1723 1601 1935 1652 Occasu
1973 1605 2203 1657 Susianae
2230 1616 2347 1659 ests
2393 1625 2486 1662 rex
2520 1618 2697 1662 autem
2732 1611 2789 1664 in

1723 1683 1893 1726 ortum
1932 1689 2184 1745 superato
2224 1685 2478 1751 Pasitigri
2516 1681 2791 1752 promovess

1723 1757 1823 1801 rat.

1786 1833 1823 1860 ¹¹²
1856 1827 2134 1894 Principem
2160 1835 2443 1903 amicornm]
2478 1840 2663 1905 Nepos
2686 1843 2795 1892 Em·

1718 1917 1870 1953 mene
1894 1921 2010 1971 cap.
2024 1913 2074 1958 2.
2092 1925 2229 1964 num.
2253 1919 2303 1964 2.
2338 1917 2488 1968 curt.
2511 1932 2597 1970 nr.
2619 1922 2791 1972 1216.

1786 1988 1813 2014 ¹²
1846 1981 2187 2053 Inmoderate]
2224 1989 2433 2043 Arrian-
2462 2009 2563 2047 vn.
2598 2011 2653 2062 p.
2673 2001 2789 2049 4⁷8.

1648 2095 1655 2102 .
1721 2056 1899 2110 triduo
1942 2073 2112 2124 neque
2158 2065 2334 2116 cibum
2387 2083 2559 2137 neque
2608 2080 2793 2136 potunt

1723 2132 2029 2196 degustasse
2058 2140 2239 2192 tradit.

1786 2217 1811 2242 ⁰
1832 2209 2271 2284 Sumtuosissimas]
2298 2221 2501 2272 Decem
2524 2221 2689 2275 millis
2710 2231 2791 2276 ta·

1718 2283 1977 2338 lentorum
2020 2287 2195 2342 funeri
2239 2295 2491 2359 impensa,
2522 2297 2655 2363 (vid.
2689 2299 2788 2349 Ar·

1720 2361 1848 2411 rian.
1886 2379 1939 2426 p.
1975 2367 2121 2432 om.)
2154 2374 2247 2419 aut
2287 2373 2559 2424 duodecim
2606 2375 2789 2438 millia,

1718 2437 1853 2503 (vid.
1890 2438 2085 2494 Justin.
2124 2456 2227 2494 xu.
2266 2444 2371 2511 12.)
2418 2448 2617 2499 Lnxnm
2661 2463 2786 2501 exe·

1720 2516 1960 2578 quintum
1980 2519 2195 2584 scripsit
2215 2522 2481 2573 Diodorus
2501 2538 2647 2577 xvn.
2670 2531 2785 2579 114.

1722 2592 1835 2640 116.
1862 2592 1949 2655 qni
1976 2593 2093 2657 plus
2117 2610 2269 2661 quam
2290 2612 2395 2649 ιιι.
2414 2602 2575 2650 millia
2592 2602 2785 2653 insum·

1722 2670 1778 2715 ta
1798 2667 2001 2719 scribit.

1784 2748 1814 2783 Ρ
1853 2744 1921 2791 Ut
1941 2744 2075 2807 Deo]
2110 2746 2329 2797 Diodor.
2348 2762 2489 2797 xvn.
2513 2754 2622 2799 116.
2656 2750 2783 2800 θύειν

1715 2815 2025 2879 ’Ἡφαιστίωνι
2058 2823 2153 2881 θεῷ’
2172 2821 2394 2887 προέδρφ.
2460 2824 2779 2877 Plutarchus

1714 2906 1765 2955 p.
1787 2897 1903 2944 704.
1935 2898 2064 2943 θύειν
2084 2895 2145 2945 ὡς
2164 2896 2296 2962 ἥρωϊ,
2326 2899 2467 2963 quod
2498 2902 2656 2952 etiam
2678 2902 2782 2953 Ar·

1714 2967 1844 3017 rian.
1876 2982 1927 3032 p.
1948 2975 2065 3021 472.
2090 2972 2384 3029 confirmat.

1776 3050 1802 3085 ‘1
1839 3047 2156 3113 Cossaeorum]
2192 3052 2274 3099 De
2306 3052 2405 3103 bac
2438 3060 2595 3117 gente
2618 3070 2778 3121 supra

1708 3131 1787 3167 xv.
1828 3123 1908 3170 12.
1948 3127 2026 3172 10.
2065 3132 2241 3177 actum
2283 3127 2413 3180 fnit:
2447 3132 2599 3196 cujus
2638 3146 2781 3187 nnnc

1708 3194 1914 3246 excidio
1950 3198 2252 3251 Alexander
2286 3203 2647 3270 Hepbaestioni
2684 3226 2779 3275 pa·

1709 3272 1955 3332 rentavit,
2010 3278 2147 3341 quod
2204 3279 2328 3331 inde
2382 3282 2775 3347 Hephaestionis

1710 3350 1969 3414 ἐναγισμὸν
1990 3355 2304 3409 Plutarchus
2330 3370 2483 3412 vocat
2504 3376 2556 3427 p.
2576 3368 2689 3415 705.

1776 3434 1796 3460 ⁸
1824 3429 2071 3494 Liberam]
2114 3434 2305 3485 Strabo
2338 3448 2419 3487 ιι.
2450 3452 2502 3501 p.
2527 3442 2642 3491 861.
2668 3446 2776 3491 tra-

1711 3502 1809 3566 dit,
1852 3506 1992 3569 quod
2034 3520 2100 3555 ne
2140 3523 2293 3573 reges
2333 3512 2559 3577 quidem,
2593 3524 2775 3567 astate

1710 3580 1992 3630 Ecbatanis
2012 3586 2299 3643 transacta,
2318 3588 2637 3653 Babylonem
2664 3600 2776 3643 tuto

1708 3656 2027 3709 descendere
2072 3665 2358 3723 potuerint,
2400 3666 2499 3714 nisi
2540 3666 2775 3721 Cossaeos

1708 3734 1938 3783 latrones
1962 3738 2261 3789 muneribus
2286 3742 2599 3805 placassent.

1772 3816 1792 3841 ⁸
1823 3810 2093 3862 Multarum
2116 3818 2335 3877 gentiam
2354 3820 2530 3883 legati]
2554 3822 2777 3874 Cartba-

1708 3886 2012 3948 ginensinm,
2037 3902 2433 3959 ceterarumque
2472 3896 2667 3950 Africae
2699 3902 2775 3952 ci·

1708 3962 1956 4015 vitatum:
1993 3968 2117 4018 item
2146 3970 2539 4038 Hispaniarum,
2559 3977 2769 4033 Siciliae.

1708 4040 1915 4105 Gallice,
1934 4044 2203 4103 Sardiniae.
2224 4050 2451 4099 nonnulli
2478 4068 2681 4117 quoqne
2700 4069 2769 4106 ex

1710 4114 1884 4168 Italia.
1920 4118 1990 4169 ita
2030 4122 2226 4172 sustin.
2266 4137 2369 4174 xu.
2419 4132 2495 4179 13.
2562 4130 2767 4195 Illyrio·

1710 4208 1842 4259 runi,
1859 4196 2133 4263 Thracum,
2150 4201 2474 4271 Galatarum,
2494 4220 2522 4255 e
2548 4204 2768 4282 Diodor.
