3222 4944
603 382 775 450 1502

604 538 780 601 potuit
798 538 1020 602 assequi.
1088 536 1253 589 Video
1275 544 1443 587 autem
1456 535 1653 593 Ἀνάβα-

604 628 685 661 σιν
706 610 1059 677 Xenophontis
1079 612 1289 674 allegari
1308 628 1323 662 τ
1345 611 1501 661 credo
1517 609 1654 676 qnod

600 687 727 737 inde
750 701 935 738 nomen
958 687 1035 737 illi
1058 686 1287 737 historin
1303 688 1391 749 sit,
1406 689 1658 747 Ascensus,

605 763 729 827 quia
750 762 1129 813 mediterranea
1166 764 1279 812 loca
1316 763 1502 812 altiora
1536 769 1658 813 sunt

608 837 753 887 marl.
820 838 971 887 Unde
996 836 1252 900 profectio
1270 840 1333 885 ail
1358 852 1495 887 mare
1517 836 1659 888 κατό-

606 915 749 966 acm
780 913 1023 961 descensu
1055 918 1287 973 vocatur,
1320 926 1350 960 a
1383 914 1510 962 mari
1544 910 1657 961 ἀνά·

609 994 769 1045 βασις.
833 990 1043 1039 Dictum
1068 988 1260 1053 aliquid
1287 990 1387 1038 hac
1408 989 1474 1037 de
1497 1002 1551 1037 re
1573 1004 1660 1038 su-

614 1080 728 1131 pra.
769 1064 985 1113 k‘reiaslt.

678 1142 793 1203 §10
832 1140 938 1189 Uao
974 1139 1079 1204 ore]
1114 1140 1131 1167 ‘
1155 1138 1217 1188 Id
1260 1139 1508 1189 militares
1551 1138 1659 1188 ani·

610 1227 721 1267 mos
736 1212 888 1263 altius
905 1212 1318 1275 conjectantibus
1338 1214 1660 1277 precipuum

610 1288 857 1339 indicium
900 1290 1073 1351 magni
1118 1294 1277 1353 atque
1316 1288 1660 1353 implacabilis

610 1370 799 1426 motus,
821 1362 957 1428 quod
990 1376 1158 1428 neque
1180 1362 1408 1426 disjecti,
1430 1365 1509 1413 vol
1536 1376 1661 1427 pau·

608 1454 785 1492 corum
806 1439 1075 1501 instinctu,
1092 1438 1185 1488 sed
1210 1438 1405 1503 pariter
1426 1439 1663 1487 ardesce-

612 1523 748 1580 rent,
776 1514 971 1580 pariter
1002 1514 1247 1575 silerent3
1282 1520 1430 1562 tanta
1452 1512 1661 1577 aquali-

603 1597 723 1640 ·tate
756 1596 813 1639 et
840 1589 1157 1644 constantia,
1180 1594 1239 1637 ut
1260 1587 1367 1651 regi
1388 1585 1664 1638 crederes.'

608 1664 773 1715 Tacit.
794 1678 834 1713 1.
856 1668 938 1713 83.
960 1668 1009 1713 7.
1045 1662 1265 1712 FreiasIt.

680 1741 857 1789 Omnes
884 1738 1041 1801 qim-⁸⁸]
1080 1737 1297 1786 Poterat
1328 1736 1509 1785 abesse
1548 1749 1663 1786 ver·

616 1814 737 1863 bum
783 1814 918 1876 queri
963 1811 1143 1861 relicto
1192 1811 1367 1860 onum
1409 1812 1547 1861 solo:
1604 1819 1664 1861 ut

612 1888 749 1952 apud
766 1887 1045 1950 scrlptores
1065 1885 1207 1935 Hist.
1229 1884 1499 1949 Angusta.
1544 1884 1662 1933 Pol·

614 1964 685 2013 lio
707 1962 759 2012 in
780 1962 1056 2011 Valeriano
1088 1975 1205 2023 cap·
1228 1964 1277 2011 1.
1305 1959 1322 1988 ‘
1345 1960 1477 2010 Quat
1508 1974 1664 2025 quum

617 2044 791 2087 essent
813 2036 1005 2101 sepius
1026 2035 1187 2097 dicta,
1210 2034 1541 2097 addiderunt,
1557 2049 1666 2084 om-

618 2126 710 2163 nes
724 2127 737 2161 ε
758 2120 917 2177 atque
932 2112 1007 2161 ita
1020 2110 1302 2161 discessum
1314 2109 1429 2159 est.'
1443 2109 1666 2161 Freinsh.

605 2220 611 2231 »
681 2190 710 2252 §
735 2191 798 2238 to
832 2188 943 2237 Non
972 2188 1125 2237 hercle
1158 2190 1329 2249 potest,
1356 2190 1411 2235 at
1432 2184 1668 2249 adducar]

618 2264 974 2327 Corruperant
990 2263 1101 2312 imo
1123 2260 1344 2324 imperiti
1364 2260 1668 2323 nebulones,

618 2338 705 2402 qui
735 2339 801 2390 de
834 2352 927 2388 suo
961 2338 1175 2389 verbum
1193 2335 1313 2401 fieri
1332 2334 1669 2386 intruserant.

620 2416 837 2465 Madian.

683 2494 713 2556 ς
733 2496 799 2542 20
821 2493 1116 2554 Profugiaat
1137 2489 1367 2552 dominos]
1381 2489 1668 2553 'Singularis

618 2569 938 2617 constructio
960 2572 1015 2616 et
1042 2564 1283 2629 loquendi
1309 2563 1533 2613 formula
1552 2576 1668 2612 cum

619 2650 806 2707 quarto
840 2657 984 2704 casu,
1022 2655 1174 2707 quam
1212 2647 1382 2689 tamen
1407 2645 1466 2687 ut
1487 2637 1668 2687 Curtio

618 2721 985 2782 particularem
1019 2721 1129 2781 jam
1166 2715 1431 2766 annotavit
1473 2715 1669 2765 Coelius

620 2794 777 2843 Curio
798 2794 851 2843 ln
870 2795 1022 2842 Thes.
1056 2791 1211 2841 Surak.

682 2873 711 2935 §
733 2875 794 2921 21
821 2871 1037 2920 Far-toea
1048 2865 1461 2928 consternationis]
1478 2865 1669 2915 Quam-

618 2947 696 2994 vis
726 2947 819 2995 bac
854 2958 979 2992 voce
1004 2955 1279 3006 numquam
1314 2954 1434 2989 usus
1467 2943 1672 3003 legatur

621 3020 826 3078 Cicero,
870 3024 953 3065 est
994 3022 1164 3066 tamen
1202 3016 1337 3080 bene
1377 3015 1580 3078 Latina,
1617 3019 1672 3063 et

620 3092 784 3154 Livio,
812 3080 1067 3142 Sallustio‘
1089 3091 1303 3155 aliisque
1336 3089 1671 3152 scriptoribus

622 3167 801 3232 prima
845 3165 1025 3216 classis
1076 3172 1333 3230 usurpata.
1425 3165 1529 3216 Sed
1574 3166 1671 3215 hoc

620 3241 999 3293 observandum
1043 3241 1093 3290 in
1126 3241 1245 3289 illa:
1280 3239 1672 3289 consternatio-

620 3330 739 3366 nem
778 3317 861 3366 hic
894 3329 997 3364 non
1034 3313 1185 3364 animi
1220 3311 1560 3376 dejectionem
1584 3327 1671 3361 va-

619 3393 746 3454 lere,
768 3389 860 3440 sed
893 3399 1247 3441 contumacem
1281 3388 1585 3438 seditionem
1616 3395 1673 3439 et

620 3468 930 3516 tumultum:
967 3481 1067 3530 quo
1098 3464 1365 3514 intellectu
1386 3464 1503 3512 Val.
1527 3462 1670 3512 Max.

620 3541 753 3589 dixit
776 3552 855 3588 tx.
877 3543 928 3588 7.
950 3539 1087 3602 quod
1111 3547 1193 3587 est
1216 3539 1282 3585 de
1302 3536 1668 3587 seditionibus:

620 3614 637 3642 ‘
652 3613 977 3664 Creditorum
996 3627 1197 3676 quoque
1214 3613 1562 3661 consternatio
1580 3605 1670 3660 ad'·

622 3702 823 3740 versum
862 3686 1150 3750 Sempronii
1172 3685 1449 3735 Asellionis
1480 3693 1671 3750 praeto·

621 3767 693 3816 ria
737 3763 921 3815 urbani
964 3769 1121 3826 caput
1164 3762 1479 3813 intolerabili
1516 3761 1671 3812 modo

620 3839 815 3890 exarsit
833 3855 849 3888 ε
884 3850 1035 3902 quem
1068 3836 1186 3900 quia
1216 3843 1449 3885 caussam
1471 3835 1671 3885 debito·

621 3929 735 3964 rum
756 3918 1075 3975 susceperat,
1094 3911 1345 3961 concitari
1366 3925 1397 3959 a
1416 3912 1471 3960 1..
1490 3911 1672 3961 Cassio

625 3989 835 4040 tribuno
873 3985 1040 4052 plebis
1080 3999 1176 4049 pro
1211 3985 1327 4034 ede
1366 3986 1669 4036 concordias

622 4063 928 4116 sacrificium
950 4059 1244 4121 facientem,
1262 4059 1327 4109 ab
1348 4060 1475 4124 ipsis
1498 4061 1671 4110 altari·

625 4138 719 4187 bns
760 4135 943 4200 fugere
995 4140 1146 4184 extra
1195 4133 1361 4183 forum
1412 4143 1672 4191 coactum,

624 4211 779 4277 inque
813 4210 1082 4263 tabernulo
1113 4209 1421 4274 latitantem,
1446 4216 1669 4271 pratea·

1298 397 1511 447 NO'PAE
1560 396 1959 449 VARlORUM
2009 397 2088 447 m

1729 542 1894 586 tatum
1932 535 2354 601 discerpserunt!
2421 534 2567 587 Alias
2607 544 2778 589 tamen

1727 612 1884 661 etiam
1908 625 2000 675 pro
2022 611 2384 675 desperatione
2415 621 2472 662 et
2507 614 2778 675 perturba-

1729 688 1871 737 tione
1915 696 2212 750 usurpatur,
2253 693 2312 737 ut
2365 686 2384 715 ‘
2421 698 2780 740 consternatus

1729 760 1934 813 animo.’
1990 762 2136 811 Valla
2156 766 2280 813 ν.9.
2331 763 2675 816 Consternere
2698 773 2783 817 eat

1729 840 1982 903 eorporis,
2025 840 2340 889 consternari
2383 849 2556 889 autem
2603 841 2783 897 animi..

1731 927 1846 962 cnm
1871 927 2014 963 meus
2039 913 2246 963 turbata
2267 922 2363 970 est,
2386 914 2451 961 de
2467 921 2608 963 statu
2628 924 2784 977 mota,

1731 998 1787 1039 et
1822 988 1967 1053 quasi
2003 987 2141 1039 humi
2175 997 2359 1052 atrata,
2397 988 2616 1053 ideoque
2643 1004 2783 1054 soepe

1731 1064 1976 1127 conjungi
2002 1064 2224 1113 animum
2249 1064 2497 1125 videmus,
2529 1069 2588 1112 ut
2619 1064 2636 1092 ⁸
2662 1077 2786 1113 con·

1733 1145 1994 1188 sternutus
2032 1137 2236 1187 animo.'
2297 1138 2570 1189 Sallustius
2609 1144 2782 1187 tamen

1733 1212 1898 1276 primo
1941 1212 2281 1275 historiarum,
2336 1214 2353 1241 ‘
2381 1212 2550 1277 Equi:
2603 1214 2787 1277 inquit,

1731 1294 1748 1316 ⁴
1774 1288 1887 1337 sine
1910 1289 2200 1339 rectoribus
2232 1289 2471 1339 exterriti
2505 1294 2595 1339 aut
2625 1289 2790 1338 saucii

1733 1362 2178 1412 consternantur-:³
2230 1378 2348 1412 cum
2413 1365 2482 1413 sit
2549 1365 2786 1415 usitatius

1734 1446 2151 1489 consternuntur.
2208 1438 2322 1489 Imo
2345 1454 2460 1491 meo
2483 1442 2653 1490 animo
2675 1456 2787 1491 rec-

1737 1514 1839 1563 tius
1859 1513 1996 1564 dixit
2017 1514 2294 1568 Sallustius
2327 1516 2344 1546 ⁸
2362 1515 2788 1572 consternantur:

1735 1588 1832 1639 boc
1853 1596 1953 1654 est,
1971 1590 2043 1640 ita
2069 1589 2456 1653 perturbantur,
2479 1599 2536 1640 ut
2557 1590 2666 1652 regi
2701 1590 2788 1639 vix

1737 1665 1957 1727 amplius
2010 1664 2230 1729 possint,
2285 1674 2340 1715 et
2390 1680 2490 1729 qua
2535 1666 2660 1715 data
2707 1667 2790 1715 via

1737 1749 1906 1791 ruant.
1969 1741 2160 1806 Itaque
2192 1743 2288 1791 hoc
2324 1743 2440 1793 loco
2478 1744 2660 1806 accipe
2694 1757 2790 1807 pro

1741 1818 1978 1873 tumultu,
2005 1816 2396 1881 perturbatione
2419 1824 2470 1867 et
2493 1818 2788 1867 contumaci

1738 1891 2012 1949 seditione,
2044 1905 2146 1942 nou
2183 1893 2474 1956 dejectione
2494 1900 2582 1941 aut
2605 1892 2789 1955 despe-

1739 1968 1940 2017 ratione
2001 1968 2188 2018 animi:
2253 1975 2534 2033 propterea
2597 1968 2791 2030 adjecit

1740 2044 1759 2073 ⁸
1780 2041 1982 2093 furiose
2023 2043 2498 2105 consternationis,⁵
2525 2050 2582 2093 et
2621 2042 2793 2107 paullo

1739 2127 1862 2167 ante
1893 2118 1910 2145 ⁸
1936 2132 2122 2181 repens
2143 2118 2532 2177 consternatio,'
2565 2120 2660 2168 boc
2692 2124 2794 2181 est,

1741 2206 1933 2257 procax
1956 2202 2013 2243 et
2033 2190 2198 2242 effusa
2221 2193 2449 2244 licentia.
2483 2193 2716 2243 mans.

1804 2267 2018 2329 Damno]
2050 2267 2313 2332 Improbo,
2338 2267 2549 2330 aincio,
2579 2273 2636 2316 ut
2665 2266 2794 2317 Nos·

1741 2349 1826 2392 ter
1865 2356 2022 2405 sepe,
2065 2350 2121 2392 et
2161 2343 2236 2392 sic
2271 2343 2466 2395 Justin.
2505 2356 2622 2392 xix.
2651 2346 2701 2391 2.
2739 2348 2790 2391 9.

1741 2420 1760 2447 ⁴
1782 2417 2084 2468 Intermissa
2106 2418 2278 2469 omnia
2299 2432 2465 2481 sacra,
2495 2419 2668 2469 omnia
2688 2419 2795 2484 pri-

1743 2501 1867 2543 vata
1887 2493 2058 2544 officia
2079 2495 2354 2544 damnata·
2383 2495 2539 2544 Saule.

1809 2569 1928 2617 Esse
1946 2569 2223 2632 destitistis]
2256 2569 2360 2618 Alii
2381 2569 2588 2627 desistis,
2610 2575 2696 2620 aut
2713 2573 2793 2621 de·

1741 2643 1910 2692 siistr's.
1979 2645 2138 2694 Forte
2175 2653 2442 2707 expuncto
2482 2645 2640 2695 verbo
2675 2646 2794 2695 aub-

1745 2719 1988 2781 stantlvo,
2029 2718 2320 2780 legendum,
2368 2735 2442 2768 nze
2492 2719 2796 2782 destituisti&

1741 2791 1870 2856 Sup.
1891 2803 1977 2842 tx.
2000 2795 2049 2841 2.
2071 2795 2152 2841 82.
2185 2795 2202 2819 ⁸
2223 2792 2476 2853 desertus,
2513 2794 2796 2844 destitutus

1744 2879 1875 2925 sum,
1931 2866 2162 2915 hostibus
2229 2865 2504 2929 proditus-⁹
2573 2868 2798 2918 Freinsh-

1745 2938 1934 2988 Mallet
1977 2940 2376 3004 Freinshemius,
2413 2942 2519 3002 jum
2560 2942 2684 2992 caim
2725 2957 2799 2991 ate

1744 3015 2044 3066 destituistis.
2111 3015 2242 3064 Mihi
2285 3017 2453 3079 potior
2475 3017 2698 3066 Acidalii
2723 3019 2798 3067 vi-

1746 3089 1903 3139 detur
1920 3088 2347 3149 emend-nodam
2369 3090 2494 3139 enim
2517 3104 2616 3138 esse
2631 3090 2799 3138 desiis-

1747 3163 1829 3212 tis.
1896 3163 2052 3214 Certe
2089 3162 2213 3212 alias
2251 3177 2350 3212 nou
2396 3164 2678 3228 respondet
2719 3180 2799 3216 se·

1749 3237 2039 3300 quentibus.
2103 3237 2456 3301 Opponuntur
2487 3239 2684 3304 quippe
2706 3240 2799 3288 mi·

1739 3313 1886 3376 lites,
1907 3321 1964 3363 et
1987 3327 2086 3362 non
2111 3313 2320 3376 milites,
2339 3313 2431 3363 sed
2455 3314 2664 3378 ingrati.
2713 3313 2798 3364 Ad

1745 3389 1882 3453 quod
1931 3390 2190 3453 posterius
2253 3387 2626 3440 ostendendum
2669 3402 2801 3453 opus

1747 3470 1878 3520 erat,
1913 3476 2014 3512 non
2051 3469 2112 3510 ut
2144 3471 2356 3510 vocaret
2377 3475 2467 3510 eos
2489 3461 2801 3517 desertores,

1746 3535 1840 3583 sed
1877 3548 1978 3583 non
2013 3535 2221 3596 milites,
2253 3541 2310 3586 et.
2340 3537 2428 3598 qui
2462 3537 2651 3587 milites
2685 3551 2800 3586 esse

1746 3608 2034 3657 desiissent.
2068 3606 2250 3671 Scheff.
2316 3609 2556 3658 Erasmus
2589 3618 2646 3659 et
2677 3609 2801 3659 Tel·

1745 3683 1923 3732 lierius
1983 3681 2208 3733 desiistis.
2291 3683 2669 3735 Freinshemius
2711 3701 2800 3736 ex-

1748 3763 1940 3821 puncto
1977 3756 2298 3808 substantivo
2336 3759 2494 3808 verbo
2525 3759 2800 3823 legendum

1747 3838 1898 3896 putat
1917 3847 1990 3882 ase
2011 3833 2299 3882 destituistis
2310 3847 2332 3891 ‚-
2365 3833 2456 3881 sed
2479 3833 2634 3882 etiam
2671 3833 2688 3864 ⁴
2711 3833 2802 3883 de-

1747 3907 1908 3956 stitit·
1947 3921 2066 3956 cum
2101 3906 2304 3956 infinito
2341 3905 2580 3971 frequens
2604 3908 2798 3958 Nostro

1746 3989 1845 4032 est.
1877 3995 1967 4031 ur.
1989 3985 2040 4032 6.
2065 3985 2144 4032 16.
2177 3995 2230 4031 v.
2254 3985 2301 4030 9.
2326 3983 2405 4030 17.
2439 3993 2573 4031 vm.
2593 3985 2644 4033 2.
2663 3985 2711 4032 6.
2739 3993 2801 4031 x.

1746 4063 1798 4108 Β.
1824 4061 1868 4108 t.
1905 4058 2078 4108 cellar.

1813 4131 2159 4194 Iamtissian‘s
2199 4130 2404 4194 oportet]
2448 4127 2692 4193 Impressi
2737 4127 2797 4175 li·

1746 4205 1844 4263 bri,
1885 4220 1968 4255 aec
2003 4211 2060 4256 at
2089 4219 2194 4256 cam
2235 4203 2466 4254 militibus
2504 4201 2621 4254 ateis
2667 4199 2798 4264 (ἄση
