3222 4944
1194 416 1261 475 Q.
1308 413 1574 465 cuam
1627 412 1831 465 num.
2439 396 2614 467 16oe

415 562 507 627 M.
534 582 671 627 cum
716 566 873 627 notis
912 564 1205 629 selectiss.
1233 566 1571 643 variorum,
1600 565 1846 642 nudari,
1875 564 2282 639 Freinshemii,
2311 566 2618 643 Loccenii,

408 656 746 736 Blancardi,
764 666 880 725 dcc.
925 662 1127 725 Editio
1150 663 1492 739 novissima,
1520 665 1620 725 cui
1645 664 1903 726 accessit
1927 664 2196 726 locorum
2223 663 2617 725 diffieilior-um

408 757 841 838 interpretatio.
857 761 967 821 Am
974 761 1106 823 stel.
1118 780 1192 821 ex
1204 761 1597 843 typographia
1608 761 1920 837 Blaviana‚
1932 762 2266 843 sumptibus
2279 761 2618 823 Societatis.

498 857 657 916 1685
700 856 1030 939 Ultrajecti.
1076 861 1135 920 8.
1185 858 1263 928 Q.
1292 858 1536 920 Curtius
1583 859 1778 920 Rufus
1828 859 1905 920 de
1951 860 2131 921 rebus
2164 858 2493 920 Alexandri
2521 859 2614 922 M.

418 971 555 1012 cnm
584 954 1003 1015 commentario
1033 965 1345 1036 perpetuo,
1372 966 1435 1017 et
1464 954 1670 1016 Indice
1706 956 2150 1019 absolutissimo
2179 956 2358 1019 Sam.
2387 955 2621 1018 Pitisei.

418 1046 653 1117 Quibus
680 1051 977 1113 accedunt
1005 1052 1401 1133 Mottevayeri
1428 1052 1505 1113 de
1535 1052 1746 1115 Curtio
1773 1053 2162 1125 Dissertatioz
2190 1054 2288 1114 Jo.
2313 1052 2628 1115 Freinshe-

416 1144 519 1205 mii
565 1146 1024 1227 supplementaz
1070 1150 1309 1230 Figuroe
1336 1168 1411 1211 ex
1438 1158 1705 1211 veterum
1741 1148 2142 1215 monumentis
2190 1149 2267 1210 ad
2315 1147 2623 1211 historiam

420 1241 743 1305 Alexandri
783 1244 1201 1308 illustrandam
1247 1246 1642 1327 depromptoe‚
1689 1256 1750 1307 et
1793 1246 2025 1309 illarum
2077 1246 2388 1327 exegesis:
2448 1245 2630 1305 Alex-

421 1338 593 1401 andri
638 1342 993 1423 genealogia
1041 1353 1104 1404 et
1157 1341 1435 1423 synopsis
1488 1343 1936 1423 chronologica.
2001 1343 2216 1424 Ultraj.
2271 1361 2368 1422 ap.
2415 1342 2628 1404 Franc.

422 1435 670 1497 Halma.

504 1566 588 1577 --
629 1533 871 1615 Lipsiae.
907 1536 1003 1597 12.
1034 1554 1171 1597 cum
1201 1536 1359 1597 notis
1378 1538 1479 1597 Jo.
1508 1534 1808 1597 Loccenii.

515 1631 668 1689 1687
714 1630 1173 1695 Amstelodami.
1225 1637 1284 1693 8.
1334 1653 1471 1693 eum
1520 1633 1964 1713 Supplementis
2006 1633 2104 1693 Jo.
2137 1629 2548 1702 Freinshemii,
2575 1638 2638 1691 et

430 1724 635 1787 Indice
664 1728 1102 1807 copiosissimo.
1128 1730 1327 1789 Amst.
1360 1748 1454 1809 ap.
1486 1730 1675 1791 Henr.
1708 1728 2107 1791 Wetstenium
2126 1710 2312 1789 scum
2340 1729 2486 1807 figg.

509 1858 593 1870 —-
632 1824 1027 1887 Francofurti.
1064 1829 1158 1887 12.
1190 1827 1264 1897 Q.
1300 1826 1542 1887 Curtius
1586 1827 1781 1886 Rufus
1828 1846 1964 1887 cum
2008 1824 2460 1905 supplementis,
2499 1823 2641 1883 Jani

432 1919 736 2001 Rutgersii
760 1922 1425 1995 emendationibus,nec
1442 1943 1565 1983 non
1585 1924 1622 1982 J
1629 1943 1686 1983 0.
1719 1921 1998 1983 Loccenii
2019 1920 2224 1983 Indice
2247 1920 2638 2000 philolog-ico.

522 2004 678 2078 1688
724 2018 963 2099 Lipsiae.
997 2022 1094 2081 12.
1125 2019 1396 2099 (Cellarii
1426 2022 1503 2096 1.)
1550 2020 1632 2087 Q.
1663 2020 1856 2080 Curtii
1902 2018 2042 2079 Rufi
2079 2038 2273 2079 rerum
2317 2016 2642 2077 Alexandri

436 2114 528 2174 Μ.
558 2114 719 2173 Libri
746 2116 1115 2196 superstites.
1178 2116 1525 2189 Recensuit,
1570 2115 2035 2196 Supplementis,
2065 2113 2541 2185 Commentariis,
2585 2123 2648 2174 et

436 2209 657 2270 tabulis
688 2212 1101 2290 geographicis
1147 2212 1463 2293 illustravit
1514 2212 1858 2294 Christoph.
1912 2211 2226 2273 Cellarius.
2283 2210 2506 2289 Lipsiae
2548 2228 2648 2288 ap.
2717 2196 2722 2203 ’

442 2306 655 2366 Thom.
686 2306 941 2368 Fritsch.

528 2404 687 2464 1690
727 2401 1185 2463 Amstelodami.
1219 2406 1315 2463 12.
1345 2423 1440 2485 ap.
1472 2403 1723 2463 Elzevir.

528 2503 679 2561 1691
729 2498 970 2580 Lipsiae.
1008 2503 1103 2561 12.
1132 2521 1207 2562 ex
1237 2521 1469 2562 recens.
1513 2501 1857 2582 christoph.
1891 2499 2152 2561 Cellarii.
2217 2497 2516 2580 Repetitio
2553 2496 2654 2560 ed.

455 2599 634 2658 1688.

530 2695 687 2773 1693
727 2693 984 2774 Trajecti
1011 2694 1088 2756 ad
1120 2694 1317 2756 Rhen.
1348 2699 1407 2756 8.
1440 2714 1577 2756 cum
1596 2693 2022 2754 commentario
2047 2701 2330 2772 perpetuo
2359 2703 2421 2751 et
2451 2689 2657 2750 Indice

442 2789 887 2853 absolutissimo
924 2793 1089 2852 Sam.
1119 2791 1353 2854 Pitisci.
1418 2791 1664 2852 Auctior
1692 2790 1931 2871 quidem
1963 2799 2058 2850 est
2094 2788 2437 2849 haec‘edltio
2467 2787 2660 2866 priore

448 2908 549 2950 an.
576 2890 756 2950 1685.
806 2887 915 2949 sed
944 2887 1023 2948 de
1061 2888 1293 2950 mendis
1340 2887 1786 2970 typographicis
1829 2896 1891 2947 et
1931 2886 2178 2966 integris
2203 2885 2470 2948 versibus
2497 2884 2560 2942 in
2591 2901 2665 2944 ea

457 2986 694 3046 omissis
723 2987 988 3064 queritur
1016 2986 1161 3047 Chr.
1188 2985 1550 3047 Junckerus.

540 3083 698 3142 1696
738 3081 1015 3161 Lugduni
1043 3082 1177 3142 Bat.
1211 3086 1267 3143 8.
1300 3082 1377 3152 Q.
1408 3083 1648 3143 Curtius
1678 3081 1873 3142 Rufus
1903 3081 1980 3141 de
2009 3080 2195 3160 gestis
2223 3078 2548 3142 Alexandri
2576 3078 2667 3138 M.

451 3200 592 3242 cum
610 3179 1050 3240 commentariis
1072 3179 1244 3240 Varr.
1271 3179 1513 3252 Raderi,
1532 3178 1872 3257 Bongarsii,
1891 3178 2161 3256 Popmoe,
2189 3176 2484 3246 Salmasii‚
2513 3173 2669 3234 Gro-

456 3275 639 3350 novii‚
666 3275 964 3345 Loccenii,
985 3279 1101 3336 &c.
1134 3286 1196 3334 et
1225 3274 1666 3354 supplementis
1692 3272 2098 3343 Freinshemii,
2121 3289 2239 3331 nec
2261 3289 2381 3330 non
2403 3269 2672 3349 pluribus

460 3372 732 3436 iconibus
760 3370 820 3429 in
852 3390 937 3432 ωε
968 3369 1193 3430 incisis.
1278 3369 1469 3450 Lugd.
1504 3371 1578 3430 B.
1610 3369 1854 3429 excudit
1883 3369 2098 3427 Petrus
2121 3385 2236 3426 van
2264 3365 2370 3426 der
2397 3367 2509 3424 Aa.

540 3503 625 3515 —
650 3466 890 3549 Lipsiae.
926 3468 1021 3527 12.
1052 3487 1127 3526 ex
1156 3485 1386 3528 recens.
1420 3465 1764 3544 christoph.
1796 3463 2058 3524 Cellarii.

552 3567 732 3626 1698.
776 3561 1127 3643 Hamburgi.
1165 3565 1261 3624 12.
1290 3583 1347 3624 c.
1376 3583 1437 3625 n.
1468 3562 1771 3640 Rutgersii
1802 3571 1864 3622 et
1893 3559 2190 3621 Loccenii.

546 3663 726 3723 1699.
770 3660 1033 3722 Parisiis.
1084 3671 1143 3722 8.
1195 3660 1403 3722 Latine
1446 3670 1507 3721 et
1560 3659 1796 3720 Gallice
1825 3677 1899 3718 ex
1930 3658 2198 3719 versione
2229 3654 2596 3736 Vaugelasii.
2639 3657 2678 3714 2

468 3757 609 3819 voll.
2703 3745 2721 3764 ⁶

557 3857 712 3916 1700
756 3854 1030 3916 Dresdoe.
1070 3857 1165 3916 12.
1194 3874 1252 3916 c.
1280 3875 1342 3916 n.
1373 3855 1597 3915 Christ.
1626 3854 1662 3912 J
1671 3855 1935 3916 unckeri.

554 3985 636 3996 —
676 3951 1127 4012 Amstelodami.
1160 3955 1219 4012 8.
1250 3971 1387 4012 cum
1418 3952 1688 4014 versione
1716 3951 1954 4012 Gallica
1981 3949 2348 4030 Vaugelasii.
2377 3953 2416 4008 2
2447 3947 2586 4006 voll.

558 4049 709 4108 1701
756 4047 991 4128 Lipsiae.
1033 4051 1126 4111 12.
1172 4068 1309 4110 cum
1338 4051 1494 4110 notis
1525 4051 1826 4130 perpetuis
1859 4049 1937 4110 ad
1965 4048 2208 4110 modum
2241 4043 2516 4117 Minellii‚
2542 4061 2686 4105 cura

474 4145 562 4206 M.
593 4143 785 4204 Andr.
814 4145 1088 4207 Stubelii.

604 4259 779 4324 Delplt.
800 4263 849 4309 et
879 4259 993 4311 Ver.
1018 4261 1148 4311 Clas.
1559 4259 1625 4314 Q.
1651 4258 1791 4307 Cur-t.
2465 4259 2494 4302 5
2520 4251 2560 4302 L
