3222 4944
670 415 841 481 1390

672 578 779 619 tum
802 566 1041 618 Laertius
1066 567 1247 619 tradit.
1280 567 1386 618 Alii
1398 566 1723 628 Callistheni,

668 646 751 694 vel
770 644 1035 708 Dioxippo
1056 643 1379 694 adscribunt.
1434 644 1578 694 Quos
1600 657 1717 692 cum

668 721 781 769 aliis
802 721 901 769 huc
924 719 1303 782 pertinentibus
1335 719 1605 770 citavimus
1635 731 1716 766 sn-

670 808 764 856 pra
798 807 875 842 nr.
910 797 962 842 ’1.
998 797 1080 845 2⁵.
1117 793 1182 842 ad
1219 793 1399 856 verba,
1442 799 1457 822 ¹
1480 793 1717 842 bumana

668 867 823 917 sortis
842 867 1065 918 oblitus!
1102 867 1325 917 Freinsh.
1667 911 1682 920 .

734 944 847 1005 μθ
904 942 1048 990 Tecta
1086 941 1421 1004 moliebantur]
1480 941 1719 990 Demols'e-

668 1015 855 1070 buntur,
878 1015 1061 1076 vulgo:
1097 1014 1191 1064 sed
1214 1016 1340 1064 illud
1368 1015 1549 1065 Curtio
1572 1014 1720 1065 fami·

667 1091 841 1139 list-lus
860 1096 956 1138 est.
988 1091 1197 1142 Medius.

736 1165 969 1228 Οιηιῐὶε]
1026 1165 1143 1214 Hoc
1182 1180 1283 1216 uou
1326 1165 1577 1230 intelligo,
1623 1167 1721 1216 uisi

668 1239 783 1304 quis
816 1248 1047 1303 exponat
1088 1255 1183 1304 pro
1221 1241 1547 1302 cumulatim3
1581 1241 1720 1306 quod

669 1315 879 1378 quidem
900 1313 1095 1364 feram:
1130 1315 1301 1364 malim
1332 1323 1500 1365 autem
1533 1316 1620 1366 bic
1641 1329 1720 1365 re·

669 1391 887 1452 perisse,
926 1391 1141 1440 morum
1175 1391 1364 1454 stipites
1396 1405 1501 1440 eum
1540 1391 1722 1448 ramim

667 1472 729 1514 ut
760 1479 789 1514 e
822 1466 973 1516 simili
1012 1465 1221 1530 negotio
1249 1465 1317 1514 ad
1340 1466 1533 1528 Tyrum
1564 1481 1723 1530 snpra

666 1552 746 1589 ιν.
782 1543 834 1589 8.
866 1544 916 1588 9.
956 1548 1010 1589 at
1048 1555 1167 1590 mox
1208 1553 1331 1590 vtu-
1369 1545 1446 1590 11.
1482 1544 1532 1590 8.
1590 1549 1605 1570 ·
1628 1556 1721 1591 nu·

668 1613 763 1664 dos
794 1615 1000 1678 stipites
1030 1616 1141 1678 jaci
1155 1615 1351 1678 jussit,'
1386 1616 1455 1664 ob
1488 1631 1722 1666 caussam

669 1703 785 1751 qum
810 1689 879 1736 ibi
904 1689 1196 1750 exponitur.
1232 1689 1452 1736 Freiusls.
1519 1689 1724 1750 stipites

666 1761 864 1809 mdis
895 1775 952 1808 uc
1001 1761 1165 1824 noles]
1222 1762 1401 1818 Forte,
1441 1761 1632 1824 stipites
1665 1777 1722 1811 ee

665 1847 773 1880 eum
809 1834 886 1881 his
920 1833 1091 1892 molen
1124 1835 1206 1883 vel
1233 1835 1337 1897 leg.
1366 1833 1555 1896 stipites
1584 1850 1723 1884 ncca-

664 1910 847 1958 nacae«
866 1910 1000 1958 nois.
1036 1910 1299 1959 Heinsius.

731 1987 761 2048 ᾧ
784 1989 847 2034 82
888 1986 1556 2050 Nullamque-cerneretur]
1591 1987 1722 2035 Tur-

667 2071 751 2107 res
795 2057 1083 2121 agebantur
1124 2060 1268 2121 rotis,
1302 2061 1391 2109 sed
1434 2059 1722 2108 latentibus

666 2137 727 2180 et
746 2131 976 2190 internis,
991 2140 1084 2182 ant
1103 2141 1250 2183 certe
1275 2133 1493 2184 interius
1513 2147 1724 2183 moven-

668 2207 777 2256 dis:
812 2209 910 2258 boc
944 2208 1085 2271 ideo,
1121 2224 1189 2258 ue
1226 2211 1339 2259 telis
1366 2209 1614 2270 hostium,
1637 2211 1722 2274 qui

667 2291 901 2346 agerent,
933 2293 1330 2348 exponerentur.
1400 2285 1722 2350 Qua-quam

667 2357 823 2405 etiam
848 2371 880 2405 a
899 2363 1042 2420 tergo
1064 2358 1246 2406 adesse
1280 2358 1447 2420 licuit,
1484 2359 1571 2422 qui
1604 2372 1720 2421 pro-

666 2431 942 2494 pellerent.
966 2432 1110 2495 Lips.
1133 2433 1359 2484 Poliorc.
1382 2447 1445 2483 ιι.
1466 2439 1515 2484 4.
1544 2435 1721 2486 Ceiloe.

730 2508 939 2569 Adiutus
957 2510 1173 2574 demm]
1206 2512 1405 2561 Iterum
1446 2514 1600 2576 vulgo
1637 2514 1721 2562 od·

664 2585 861 2643 duston
911 2585 1005 2635 sed
1048 2588 1101 2637 in
1145 2588 1365 2652 antiquis
1404 2586 1549 2635 libris
1604 2595 1722 2638 erat

664 2659 871 2723 nuditus,
906 2660 1045 2709 unde
1074 2660 1400 2723 transpositis
1434 2658 1601 2708 literis
1622 2660 1720 2710 hoc

665 2732 793 2792 feei,
854 2731 991 2795 quod
1044 2745 1289 2781 excusum
1343 2738 1444 2781 est.
1512 2734 1720 2785 modias.

665 2805 880 2853 Demus
906 2804 1096 2852 sunnine
1124 2806 1235 2870 agi]
1284 2806 1370 2854 Sic
1412 2806 1551 2855 Galli
1582 2807 1718 2869 apud

666 2876 798 2925 Cea
823 2878 890 2925 de
912 2877 1028 2925 Bel.
1064 2878 1204 2926 Gall.
1238 2892 1304 2928 ιι.
1336 2882 1417 2927 81.
1438 2878 1714 2931 dicebaut:

664 2948 682 2975 ‘
706 2950 825 2999 Nou
870 2962 926 2997 se
968 2948 1267 3001 existimare
1308 2952 1565 3003 Romanos
1604 2955 1718 3005 siue

664 3022 899 3071 Deorum
922 3035 1022 3084 ope
1047 3023 1235 3074 beilum
1258 3038 1460 3089 gerere,
1482 3028 1569 3091 qui
1603 3035 1720 3079 tau-

666 3101 735 3144 te
758 3097 1045 3147 altitudinis
1056 3098 1451 3150 machinationes
1472 3108 1620 3151 tante
1632 3116 1718 3153 ce·

663 3170 874 3221 leritate
905 3184 1229 3236 promovere,
1252 3182 1310 3223 et
1330 3188 1396 3223 ex
1420 3176 1718 3240 propinqui·

665 3252 777 3295 tate
795 3260 1027 3309 pugnare
1052 3247 1297 3307 possent?
1330 3247 1555 3301 Freinsh.

670 3352 678 3359 -
728 3319 845 3368 Pila
872 3318 1097 3381 mulia]
1128 3320 1330 3370 Horum
1363 3323 1597 3371 meminit
1618 3323 1717 3373 eti-

666 3408 747 3443 sm
786 3394 967 3445 Caesar
998 3394 1062 3444 B.
1096 3393 1163 3444 G.
1199 3408 1253 3444 v.
1291 3398 1375 3445 89.
1408 3402 1464 3444 et
1499 3410 1602 3446 vu.
1635 3400 1716 3448 82.

662 3469 828 3529 iisque
855 3483 975 3517 usos
1008 3468 1083 3515 ait
1117 3469 1373 3517 Romanos
1406 3484 1472 3517 ex
1494 3472 1632 3519 vallo
1659 3478 1718 3520 et

666 3540 894 3589 turribus
924 3542 979 3589 iu
1010 3539 1312 3589 obsidione..
1362 3541 1571 3604 MaJora
1604 3540 1717 3593 fue·

666 3620 806 3673 runt,
842 3626 992 3677 quam
1028 3613 1331 3675 legionaris,
1360 3621 1418 3663 et
1450 3615 1533 3664 vel
1560 3630 1715 3666 mauu

666 3687 867 3749 emissa,
887 3687 968 3736 vel
990 3688 1291 3748 catapultis,
1314 3702 1431 3751 quae
1460 3687 1581 3737 iude
1614 3690 1715 3751 ὀξυ·

664 3763 827 3817 aeaeis
851 3760 1092 3810 videntur
1124 3762 1373 3823 appellari
1400 3762 1614 3827 Josepb.
1646 3766 1713 3816 de

666 3837 733 3887 B.
753 3838 805 3890 J.
837 3850 914 3886 vt.
937 3840 1016 3886 11.
1039 3834 1334 3885 καταπέλται
1368 3834 1579 3897 itunae)
1605 3838 1714 3902 Ap-

666 3913 823 3975 piano
848 3912 903 3959 in
937 3910 1091 3973 Hisp.
1124 3917 1181 3960 et
1206 3912 1386 3975 Libye.
1416 3911 1551 3961 adde
1572 3914 1713 3979 Lips.

665 3986 890 4039 Poliorc.
906 3998 997 4035 ιιι.
1020 3991 1068 4034 6.
1102 3984 1276 4035 cellar.

730 4064 760 4126 ς
782 4065 848 4111 ⁸4
884 4060 1275 4123 Quae-petreia]
1301 4060 1559 4112 Diodorus
1571 4074 1712 4113 xvn.

667 4140 748 4186 84.
791 4136 877 4200 qui
910 4150 978 4185 ex
1016 4136 1123 4186 sita
1162 4136 1346 4185 lacuna
1384 4136 1467 4185 bic
1511 4150 1711 4187 rursum

668 4222 897 4262 emersus
932 4209 1256 4275 persequitur
1286 4208 1568 4275 historiam,
1600 4223 1710 4263 rem

1356 427 1570 479 NOTAE
1619 427 2014 476 vammum
2062 425 2152 476 m·

1791 567 1876 618 hic
1897 566 2094 631 perfide
2113 575 2306 631 gestam
2332 569 2396 620 sb
2420 567 2716 618 Alexandro
2737 583 2835 618 me·

1791 649 1987 703 ωσι-ιτς
2019 650 2075 692 et
2110 643 2328 692 inustam
2371 643 2547 707 gioria!
2569 644 2728 707 ipsius
2751 657 2838 693 no·

1793 724 1898 767 tem
1921 718 2075 768 etiam
2100 718 2407 767 Plutarchus
2441 733 2558 781 cap.
2594 722 2703 768 108.
2742 724 2842 770 tes-

1790 798 1963 842 tatur:
2014 792 2262 841 Arrianus
2305 805 2380 842 ιν.
2419 798 2470 844 6.
2504 798 2582 842 lo.
2617 793 2840 842 colorem

1790 863 1944 916 factis
1985 867 2200 927 inducit,
2247 873 2304 916 et
2349 869 2514 917 scelus
2559 865 2842 918 Alexandri

1791 941 2098 993 dissimulat.
2159 941 2460 992 Alexander
2485 957 2612 1006 ergo
2633 957 2747 992 cum
2765 955 2846 992 re-

1791 1015 1912 1077 gina
1927 1022 2130 1078 pactus,
2147 1017 2285 1065 illam
2301 1017 2356 1064 in
2377 1019 2596 1078 gratiam
2610 1016 2844 1080 recepitt

1793 1090 1884 1139 sed
1899 1091 2229 1140 mercenariis
2248 1090 2508 1152 militibus,
2523 1091 2706 1154 quibus
2722 1091 2847 1140 data

1793 1161 1896 1212 tide
1921 1165 2241 1229 promiserat,
2275 1180 2332 1213 se
2363 1165 2646 1215 incolumes
2678 1165 2850 1215 dimis-

1795 1253 1988 1299 surum,
2009 1253 2188 1288 necem
2214 1239 2404 1289 attulit.
2437 1240 2675 1289 Roderus.

1860 1314 2057 1363 Poteris
2069 1315 2183 1363 vinu
2203 1314 2473 1377 amum]
2497 1314 2658 1364 Ritus
2677 1327 2850 1363 sucro·

1796 1401 1927 1448 rum,
1947 1402 2050 1452 quo
2081 1388 2360 1450 sperabant
2397 1388 2592 1436 veniam
2627 1403 2682 1436 se
2717 1386 2849 1437 faci-

1795 1461 1892 1511 lius
1937 1465 2321 1526 impetraturos,
2355 1469 2415 1512 ut
2445 1463 2512 1512 de
2549 1465 2566 1492 ‘
2590 1465 2849 1512 veiamen-

1797 1536 1864 1586 tis
1908 1537 2227 1601 supplicum'
2267 1538 2496 1588 diximus
2550 1553 2706 1601 supra
2749 1551 2849 1587 νιι.

1795 1616 1844 1660 5.
1869 1615 1953 1664 8⁵.
1987 1614 2161 1662 cellar.

1861 1687 1973 1748 §85
2009 1687 2200 1747 Regina
2238 1687 2334 1752 est]
2367 1688 2456 1737 Sic
2495 1687 2699 1752 quidem
2745 1687 2852 1736 dis-

1796 1759 1948 1820 tinxi,
1980 1761 2184 1810 voleute
2210 1760 2456 1816 lectione,
2487 1776 2636 1824 quam
2671 1775 2852 1811 omues

1794 1831 1914 1882 libri
1937 1832 2254 1896 praeferunt:
2281 1834 2372 1883 sed
2387 1835 2428 1883 si
2453 1837 2688 1885 Curtium
2711 1838 2854 1899 novi,

1795 1909 2004 1971 scripsit
2041 1908 2104 1971 is,
2150 1901 2339 1958 emisse
2388 1911 2590 1972 copula,
2626 1912 2855 1974 impetra-

1793 1984 1868 2034 vit
1893 1986 2058 2033 decas:
2089 1985 2256 2048 quippe
2273 1999 2383 2048 app.
2419 1989 2490 2034 est
2511 1985 2697 2046 regino.
2733 1987 2854 2036 Cre·

1793 2059 1956 2107 didere
1975 2059 2184 2121 quidum,
2203 2061 2288 2120 ξε.
2319 2060 2548 2109 Freinsh-

1861 2131 2116 2181 Credidere
2167 2133 2368 2195 mplius
2405 2131 2607 2194 forma]
2659 2130 2848 2183 Adhuc

1795 2206 1968 2270 vulgo,
2011 2208 2264 2258 Credidere
2303 2210 2495 2271 quidam
2525 2211 2633 2273 plus
2656 2209 2854 2271 sm,

1796 2297 1936 2344 quam
1966 2283 2260 2332 mismtimi
2293 2285 2472 2333 damn.
2521 2285 2714 2332 Verum
2751 2297 2852 2345 ego

1797 2357 2118 2406 membranas
2159 2371 2360 2421 sequor.
2417 2358 2625 2406 Medius.
2713 2359 2853 2407 Con·

1798 2432 2027 2482 sentiunt
2051 2433 2268 2483 Codices
2290 2431 2342 2481 iu
2365 2445 2494 2481 voce
2526 2431 2756 2495 amplius,-
2791 2439 2850 2481 et

1798 2520 1890 2556 cur
1925 2506 2128 2554 admitti
2163 2519 2264 2556 uon
2303 2506 2468 2569 possit
2505 2506 2698 2561 nescio.
2731 2520 2849 2555 cum

1796 2579 1932 2627 idem
1951 2579 2206 2643 significet
2221 2580 2360 2645 quod
2380 2581 2397 2609 ⁴
2411 2579 2711 2644 plus,’spud
2731 2593 2851 2642 pro-

1798 2651 1948 2703 batos
1971 2660 2224 2705 auctores.
2272 2654 2410 2704 Flor.
2441 2668 2482 2704 1.
2505 2658 2586 2704 14.
2610 2659 2655 2703 1.
2706 2656 2722 2683 ‘
2751 2653 2850 2705 At-

1796 2741 1896 2792 que
1917 2728 2030 2790 jam
2065 2728 2281 2790 amplius
2314 2741 2468 2790 quem
2491 2727 2740 2790 congredi
2758 2743 2848 2777 au-

1797 2800 2017 2849 derent?
2063 2800 2209 2849 Idem
2232 2814 2272 2848 1.
2306 2804 2384 2850 18.
2424 2804 2474 2849 8.
2528 2800 2736 2851 ‘Quum
2773 2802 2850 2851 in·

1797 2873 2034 2936 cognitus
2069 2874 2164 2921 sibi
2209 2873 2405 2923 belluas
2449 2876 2664 2937 amplius
2693 2890 2848 2940 quam

1796 2954 1966 3007 eruut,
1985 2946 2404 3009 suspicarentur-‚⁹
2437 2949 2633 2999 Noster
2653 2962 2740 3001 ιιι.
2767 2954 2848 3001 11.

1797 3024 1878 3071 17.
1965 3023 1981 3050 ‘
1999 3020 2158 3071 Haud
2201 3022 2418 3084 amplius
2467 3018 2639 3087 regem
2693 3038 2848 3089 quam

1797 3096 1934 3143 mille
1955 3096 2158 3165 equites
2173 3096 2554 3160 sequebantur.'
2589 3112 2667 3147 vt.
2695 3103 2740 3149 1.
2765 3103 2850 3149 16.

1794 3170 1810 3195 ‘
1825 3168 1903 3218 Ex
1912 3170 2284 3219 Macedonibus
2295 3172 2430 3221 baud
2445 3173 2664 3235 amplius
2681 3174 2850 3228 CCC?

1795 3242 1971 3292 Plaut.
1997 3243 2196 3301 Cisteli.
2221 3258 2276 3296 V.
2299 3250 2348 3295 6.
2411 3248 2428 3275 ‘
2449 3247 2566 3297 Tibi
2589 3262 2704 3297 mea
2725 3263 2849 3313 ope-

1795 3330 1856 3365 rs
1875 3317 2154 3368 liberorum
2173 3328 2259 3369 est
2279 3322 2536 3384 emplius?
2573 3323 2730 3375 Saule.

1857 3392 1970 3455 §86
2001 3392 2300 3458 Alexandro]
2347 3397 2512 3448 Quem
2551 3406 2607 3447 et
2643 3412 2845 3449 succes-

1793 3480 1960 3515 sorem
1977 3465 2176 3527 habuit,
2193 3467 2228 3515 J
2235 3468 2388 3517 ustiu.
2411 3482 2516 3520 xu.
2537 3474 2586 3519 7.
2609 3475 2686 3520 10.
2735 3472 2847 3520 Uu-

1793 3537 1858 3587 de
1898 3536 2076 3588 forsan
2115 3548 2241 3589 nata
2273 3538 2448 3591 fabula
2491 3542 2557 3592 de
2601 3545 2845 3596 Baiascia

1793 3612 2074 3675 provincia,
2096 3613 2243 3676 cujus
2265 3616 2282 3643 ‘
2307 3615 2496 3679 Reges,
2511 3618 2596 3683 qui
2610 3619 2732 3682 ,iure
2753 3622 2844 3671 be-

1793 3685 2038 3735 reditario
2061 3686 2158 3735 sibi
2191 3686 2408 3740 invicem
2443 3693 2747 3758 succedunt,
2775 3696 2841 3745 ab

1793 3760 1946 3809 Alex.
1992 3761 2186 3824 Magno
2226 3765 2474 3829 originem
2518 3767 2728 3818 duxisse
2765 3770 2841 3819 fe-

1791 3835 2007 3885 ruutur?
2073 3836 2151 3888 M.
2195 3839 2347 3892 Paul.
2397 3843 2631 3893 Venetus
2676 3858 2718 3894 1.
2755 3849 2838 3895 8⁴.

1792 3910 2014 3964 Frenis.

1849 3989 1985 4037 Car.
2007 4000 2086 4038 τι.
2106 3992 2136 4053 ς
2158 3993 2186 4038 1
2214 3990 2384 4053 Orant]
2413 3992 2514 4042 Ora
2530 4008 2643 4043 cum
2667 3995 2838 4045 Arria·

1789 4076 1858 4112 no
1879 4077 1959 4111 lv.
1984 4069 2034 4111 5.
2063 4068 2143 4115 11.
2165 4072 2222 4114 et
2243 4066 2528 4118 Ptolemoeo
2558 4083 2634 4121 vt.
2665 4074 2712 4119 8.
2733 4084 2834 4120 uon

1790 4138 1930 4187 Nora
1959 4136 2280 4189 scribendum
2316 4148 2413 4192 est.
2453 4142 2685 4193 Maus.
2750 4144 2833 4193 Ex

1788 4212 2012 4277 Orteiio,
2049 4221 2108 4263 ut
2142 4222 2394 4279 eppei-etz
2443 4216 2537 4267 sed
2570 4223 2628 4268 et
2667 4215 2837 4269 Aldus
