<?xml version="1.0" encoding="UTF-8"?>
<!DOCTYPE html PUBLIC "-//W3C//DTD XHTML 1.0 Transitional//EN"
    "http://www.w3.org/TR/xhtml1/DTD/xhtml1-transitional.dtd">
<html xmlns="http://www.w3.org/1999/xhtml" xml:lang="en" lang="en">
 <head>
  <title>
</title>
<meta http-equiv="Content-Type" content="text/html;charset=utf-8" />
  <meta name='ocr-system' content='tesseract 3.04.00' />
  <meta name='ocr-capabilities' content='ocr_page ocr_carea ocr_par ocr_line ocrx_word'/>
</head>
<body>
  <div class='ocr_page' id='page_1' title='image "./quinticurtiiruf04rufugoog_0273.png"; bbox 0 0 3222 4944; ppageno 0'>
   <div class='ocr_carea' id='block_1_1' title="bbox 840 329 2244 401">
    <p class='ocr_par' dir='ltr' id='par_1_1' title="bbox 840 329 2244 401">
     <span class='ocr_line' id='line_1_1' title="bbox 840 329 2244 401; baseline -0.001 -10"><span class='ocrx_word' id='word_1_1' title='bbox 840 340 1098 393; x_wconf 71' lang='lat' dir='ltr'><strong>surm..</strong></span> <span class='ocrx_word' id='word_1_2' title='bbox 1144 340 1223 389; x_wconf 76' lang='lat' dir='ltr'><strong>m</strong></span> <span class='ocrx_word' id='word_1_3' title='bbox 1272 343 1339 401; x_wconf 80' lang='lat' dir='ltr'><strong>Q.</strong></span> <span class='ocrx_word' id='word_1_4' title='bbox 1384 340 1609 391; x_wconf 71' lang='lat' dir='ltr'><strong>cunr.</strong></span> <span class='ocrx_word' id='word_1_5' title='bbox 1657 342 1798 393; x_wconf 77' lang='lat' dir='ltr'><strong>mu.</strong></span> <span class='ocrx_word' id='word_1_6' title='bbox 1841 340 1928 392; x_wconf 77' lang='lat' dir='ltr'><strong>x,</strong></span> <span class='ocrx_word' id='word_1_7' title='bbox 1970 342 2130 391; x_wconf 68' lang='lat' dir='ltr'><strong>ou.</strong></span> <span class='ocrx_word' id='word_1_8' title='bbox 2177 329 2244 392; x_wconf 81' lang='grc'><strong>4.</strong></span> 
     </span>
    </p>
   </div>
   <div class='ocr_carea' id='block_1_2' title="bbox 450 491 1533 573">
    <p class='ocr_par' dir='ltr' id='par_1_2' title="bbox 450 491 1533 573">
     <span class='ocr_line' id='line_1_2' title="bbox 450 491 1533 573; baseline -0.003 -20"><span class='ocrx_word' id='word_1_9' title='bbox 450 493 723 573; x_wconf 77' lang='lat' dir='ltr'><strong>ligentior</strong></span> <span class='ocrx_word' id='word_1_10' title='bbox 761 492 991 565; x_wconf 81' lang='lat' dir='ltr'><strong>fuisset,</strong></span> <span class='ocrx_word' id='word_1_11' title='bbox 1032 491 1313 571; x_wconf 74' lang='lat' dir='ltr'>suspendi</span> <span class='ocrx_word' id='word_1_12' title='bbox 1332 491 1533 571; x_wconf 83' lang='lat' dir='ltr'><strong>jussit.</strong></span> 
     </span>
    </p>
   </div>
   <div class='ocr_carea' id='block_1_3' title="bbox 2445 326 2614 395">
    <p class='ocr_par' dir='ltr' id='par_1_3' title="bbox 2445 326 2614 395">
     <span class='ocr_line' id='line_1_3' title="bbox 2445 326 2614 395; baseline -0.012 0"><span class='ocrx_word' id='word_1_13' title='bbox 2445 326 2614 395; x_wconf 75' lang='lat'>1511</span> 
     </span>
    </p>
   </div>
   <div class='ocr_carea' id='block_1_4' title="bbox 1620 492 2614 573">
    <p class='ocr_par' dir='ltr' id='par_1_4' title="bbox 1620 492 2614 573">
     <span class='ocr_line' id='line_1_4' title="bbox 1620 492 2614 573; baseline 0.004 -22"><span class='ocrx_word' id='word_1_14' title='bbox 1620 494 1809 573; x_wconf 80' lang='lat' dir='ltr'>Super</span> <span class='ocrx_word' id='word_1_15' title='bbox 1855 492 2028 553; x_wconf 86' lang='lat' dir='ltr'><strong>amici</strong></span> <span class='ocrx_word' id='word_1_16' title='bbox 2073 512 2288 572; x_wconf 84' lang='lat' dir='ltr'><strong>corpus</strong></span> <span class='ocrx_word' id='word_1_17' title='bbox 2345 493 2614 555; x_wconf 85' lang='lat' dir='ltr'><strong>exanime</strong></span> 
     </span>
    </p>
   </div>
   <div class='ocr_carea' id='block_1_5' title="bbox 454 587 2618 765">
    <p class='ocr_par' dir='ltr' id='par_1_5' title="bbox 454 587 2618 765">
     <span class='ocr_line' id='line_1_5' title="bbox 454 587 2616 669; baseline -0.001 -16"><span class='ocrx_word' id='word_1_18' title='bbox 454 588 683 668; x_wconf 76' lang='lat' dir='ltr'><strong>ejulans</strong></span> <span class='ocrx_word' id='word_1_19' title='bbox 708 587 1037 669; x_wconf 79' lang='lat' dir='ltr'><strong>procubuit,</strong></span> <span class='ocrx_word' id='word_1_20' title='bbox 1062 588 1277 669; x_wconf 82' lang='lat' dir='ltr'><strong>vixque</strong></span> <span class='ocrx_word' id='word_1_21' title='bbox 1318 587 1457 649; x_wconf 87' lang='lat' dir='ltr'><strong>inde</strong></span> <span class='ocrx_word' id='word_1_22' title='bbox 1507 588 1581 649; x_wconf 82' lang='lat' dir='ltr'><strong>ab</strong></span> <span class='ocrx_word' id='word_1_23' title='bbox 1626 588 1826 649; x_wconf 83' lang='lat' dir='ltr'><strong>amicis</strong></span> <span class='ocrx_word' id='word_1_24' title='bbox 1870 590 2202 651; x_wconf 82' lang='lat' dir='ltr'><strong>abstractus</strong></span> <span class='ocrx_word' id='word_1_25' title='bbox 2243 600 2357 653; x_wconf 85' lang='lat' dir='ltr'><strong>est.</strong></span> <span class='ocrx_word' id='word_1_26' title='bbox 2441 590 2616 651; x_wconf 82' lang='lat' dir='ltr'><strong>Diem</strong></span> 
     </span>
     <span class='ocr_line' id='line_1_6' title="bbox 459 684 2618 765; baseline 0 -20"><span class='ocrx_word' id='word_1_27' title='bbox 459 696 639 763; x_wconf 85' lang='lat' dir='ltr'><strong>atquo</strong></span> <span class='ocrx_word' id='word_1_28' title='bbox 656 694 887 745; x_wconf 82' lang='lat' dir='ltr'><strong>noctem</strong></span> <span class='ocrx_word' id='word_1_29' title='bbox 908 684 1131 747; x_wconf 87' lang='lat' dir='ltr'><strong>luctum</strong></span> <span class='ocrx_word' id='word_1_30' title='bbox 1156 685 1543 745; x_wconf 75' lang='lat' dir='ltr'><strong>continuavit.</strong></span> <span class='ocrx_word' id='word_1_31' title='bbox 1631 686 1727 745; x_wconf 90' lang='lat'><strong>13.</strong></span> <span class='ocrx_word' id='word_1_32' title='bbox 1759 684 2008 765; x_wconf 82' lang='lat' dir='ltr'><strong>Aliaque</strong></span> <span class='ocrx_word' id='word_1_33' title='bbox 2027 684 2316 747; x_wconf 82' lang='lat' dir='ltr'><strong>nonnulla</strong></span> <span class='ocrx_word' id='word_1_34' title='bbox 2335 686 2618 758; x_wconf 76' lang='lat' dir='ltr'><strong>feruntur,</strong></span> 
     </span>
    </p>
   </div>
   <div class='ocr_carea' id='block_1_6' title="bbox 456 780 1524 859">
    <p class='ocr_par' dir='ltr' id='par_1_6' title="bbox 456 780 1524 859">
     <span class='ocr_line' id='line_1_7' title="bbox 456 780 1524 859; baseline -0.002 -18"><span class='ocrx_word' id='word_1_35' title='bbox 456 800 593 859; x_wconf 72' lang='lat' dir='ltr'><strong>qum</strong></span> <span class='ocrx_word' id='word_1_36' title='bbox 618 781 852 859; x_wconf 87' lang='lat' dir='ltr'><strong>quidem</strong></span> <span class='ocrx_word' id='word_1_37' title='bbox 894 800 1007 859; x_wconf 85' lang='lat' dir='ltr'><strong>ego</strong></span> <span class='ocrx_word' id='word_1_38' title='bbox 1047 781 1285 842; x_wconf 87' lang='lat' dir='ltr'><strong>minime</strong></span> <span class='ocrx_word' id='word_1_39' title='bbox 1326 780 1524 841; x_wconf 85' lang='lat' dir='ltr'><strong>credo.</strong></span> 
     </span>
    </p>
   </div>
   <div class='ocr_carea' id='block_1_7' title="bbox 1608 779 2619 860">
    <p class='ocr_par' dir='ltr' id='par_1_7' title="bbox 1608 779 2619 860">
     <span class='ocr_line' id='line_1_8' title="bbox 1608 779 2619 860; baseline 0.002 -21"><span class='ocrx_word' id='word_1_40' title='bbox 1608 779 1765 840; x_wconf 87' lang='lat' dir='ltr'><strong>Illud</strong></span> <span class='ocrx_word' id='word_1_41' title='bbox 1814 792 2012 845; x_wconf 83' lang='lat' dir='ltr'><strong>tamen</strong></span> <span class='ocrx_word' id='word_1_42' title='bbox 2055 801 2254 843; x_wconf 80' lang='lat' dir='ltr'><strong>verum</strong></span> <span class='ocrx_word' id='word_1_43' title='bbox 2299 792 2412 854; x_wconf 85' lang='lat' dir='ltr'><strong>est,</strong></span> <span class='ocrx_word' id='word_1_44' title='bbox 2458 781 2619 860; x_wconf 88' lang='lat' dir='ltr'><strong>quod</strong></span> 
     </span>
    </p>
   </div>
   <div class='ocr_carea' id='block_1_8' title="bbox 456 877 2620 1053">
    <p class='ocr_par' dir='ltr' id='par_1_8' title="bbox 456 877 2620 1053">
     <span class='ocr_line' id='line_1_9' title="bbox 468 877 2615 957; baseline -0.001 -18"><span class='ocrx_word' id='word_1_45' title='bbox 468 877 803 939; x_wconf 78' lang='lat' dir='ltr'>Alexander</span> <span class='ocrx_word' id='word_1_46' title='bbox 830 877 1261 957; x_wconf 78' lang='lat' dir='ltr'><strong>Hephaestioni,</strong></span> <span class='ocrx_word' id='word_1_47' title='bbox 1288 887 1584 957; x_wconf 84' lang='lat' dir='ltr'><strong>tamquam</strong></span> <span class='ocrx_word' id='word_1_48' title='bbox 1614 877 1817 950; x_wconf 70' lang='lat' dir='ltr'><strong>Humi,</strong></span> <span class='ocrx_word' id='word_1_49' title='bbox 1857 878 2172 939; x_wconf 81' lang='lat' dir='ltr'><strong>sacrificari</strong></span> <span class='ocrx_word' id='word_1_50' title='bbox 2201 877 2468 957; x_wconf 83' lang='lat' dir='ltr'><strong>jusserit.</strong></span> <span class='ocrx_word' id='word_1_51' title='bbox 2547 878 2615 937; x_wconf 87' lang='lat' dir='ltr'><strong>In</strong></span> 
     </span>
     <span class='ocr_line' id='line_1_10' title="bbox 456 972 2620 1053; baseline 0.001 -22"><span class='ocrx_word' id='word_1_52' title='bbox 456 972 633 1034; x_wconf 80' lang='lat' dir='ltr'><strong>funus</strong></span> <span class='ocrx_word' id='word_1_53' title='bbox 674 982 851 1052; x_wconf 87' lang='lat' dir='ltr'><strong>atque</strong></span> <span class='ocrx_word' id='word_1_54' title='bbox 874 992 1013 1033; x_wconf 91' lang='lat' dir='ltr'><strong>mon</strong></span> <span class='ocrx_word' id='word_1_55' title='bbox 1028 983 1330 1035; x_wconf 84' lang='lat' dir='ltr'><strong>umentum</strong></span> <span class='ocrx_word' id='word_1_56' title='bbox 1357 974 1410 1034; x_wconf 86' lang='lat' dir='ltr'><strong>ei</strong></span> <span class='ocrx_word' id='word_1_57' title='bbox 1438 972 1774 1034; x_wconf 78' lang='lat' dir='ltr'><strong>faciendum</strong></span> <span class='ocrx_word' id='word_1_58' title='bbox 1802 973 2113 1053; x_wconf 75' lang='lat' dir='ltr'><strong>plusquam</strong></span> <span class='ocrx_word' id='word_1_59' title='bbox 2142 973 2454 1035; x_wconf 82' lang='lat' dir='ltr'><strong>duodecim</strong></span> <span class='ocrx_word' id='word_1_60' title='bbox 2492 973 2620 1033; x_wconf 89' lang='lat' dir='ltr'><strong>mil-</strong></span> 
     </span>
    </p>
   </div>
   <div class='ocr_carea' id='block_1_9' title="bbox 449 1224 1525 4246">
    <p class='ocr_par' dir='ltr' id='par_1_9' title="bbox 449 1224 1521 1450">
     <span class='ocr_line' id='line_1_11' title="bbox 450 1224 1521 1299; baseline 0.002 -15"><span class='ocrx_word' id='word_1_61' title='bbox 450 1249 547 1299; x_wconf 82' lang='lat' dir='ltr'><strong>pro</strong></span> <span class='ocrx_word' id='word_1_62' title='bbox 563 1234 748 1285; x_wconf 86' lang='lat' dir='ltr'><strong>solatio</strong></span> <span class='ocrx_word' id='word_1_63' title='bbox 764 1233 780 1257; x_wconf 77' lang='lat'><strong><em>⁹</em></strong></span> <span class='ocrx_word' id='word_1_64' title='bbox 802 1233 967 1292; x_wconf 79' lang='lat' dir='ltr'><strong>fuere,</strong></span> <span class='ocrx_word' id='word_1_65' title='bbox 988 1241 1047 1286; x_wconf 84' lang='lat' dir='ltr'><strong>ut</strong></span> <span class='ocrx_word' id='word_1_66' title='bbox 1066 1242 1149 1286; x_wconf 86' lang='lat' dir='ltr'><strong>est</strong></span> <span class='ocrx_word' id='word_1_67' title='bbox 1170 1236 1307 1299; x_wconf 85' lang='lat' dir='ltr'><strong>apud</strong></span> <span class='ocrx_word' id='word_1_68' title='bbox 1330 1224 1521 1287; x_wconf 59' lang='lat' dir='ltr'><strong>Tacit.¹</strong></span> 
     </span>
     <span class='ocr_line' id='line_1_12' title="bbox 452 1310 1499 1374; baseline 0.002 -15"><span class='ocrx_word' id='word_1_69' title='bbox 452 1324 531 1361; x_wconf 74' lang='grc' dir='ltr'><strong>ιν.</strong></span> <span class='ocrx_word' id='word_1_70' title='bbox 556 1315 634 1360; x_wconf 83' lang='grc'><strong>18.</strong></span> <span class='ocrx_word' id='word_1_71' title='bbox 658 1316 705 1361; x_wconf 97' lang='grc'><strong>1.</strong></span> <span class='ocrx_word' id='word_1_72' title='bbox 740 1310 891 1360; x_wconf 77' lang='lat' dir='ltr'><strong>Adde</strong></span> <span class='ocrx_word' id='word_1_73' title='bbox 928 1312 1138 1362; x_wconf 84' lang='lat' dir='ltr'><strong>Platon.</strong></span> <span class='ocrx_word' id='word_1_74' title='bbox 1184 1312 1499 1374; x_wconf 82' lang='lat' dir='ltr'><strong>Menexeno,</strong></span> 
     </span>
     <span class='ocr_line' id='line_1_13' title="bbox 449 1385 1227 1450; baseline 0.003 -15"><span class='ocrx_word' id='word_1_75' title='bbox 449 1385 599 1437; x_wconf 84' lang='lat' dir='ltr'><strong>Tom.</strong></span> <span class='ocrx_word' id='word_1_76' title='bbox 616 1400 679 1437; x_wconf 84' lang='grc' dir='ltr'><strong>ιι.</strong></span> <span class='ocrx_word' id='word_1_77' title='bbox 704 1400 822 1450; x_wconf 71' lang='lat' dir='ltr'><strong>pag.</strong></span> <span class='ocrx_word' id='word_1_78' title='bbox 840 1390 957 1437; x_wconf 71' lang='lat'><strong>248.</strong></span> <span class='ocrx_word' id='word_1_79' title='bbox 982 1388 1043 1437; x_wconf 89' lang='lat' dir='ltr'><strong>C.</strong></span> <span class='ocrx_word' id='word_1_80' title='bbox 1077 1388 1227 1437; x_wconf 76' lang='lat' dir='ltr'><strong>Idem.</strong></span> 
     </span>
    </p>

    <p class='ocr_par' dir='ltr' id='par_1_10' title="bbox 454 1462 1513 3039">
     <span class='ocr_line' id='line_1_14' title="bbox 517 1462 1503 1527; baseline 0 -14"><span class='ocrx_word' id='word_1_81' title='bbox 517 1465 547 1527; x_wconf 81' lang='lat'><em>§</em></span> <span class='ocrx_word' id='word_1_82' title='bbox 572 1468 635 1513; x_wconf 83' lang='grc'><strong>18</strong></span> <span class='ocrx_word' id='word_1_83' title='bbox 665 1462 781 1513; x_wconf 73' lang='lat' dir='ltr'><strong>Alia</strong></span> <span class='ocrx_word' id='word_1_84' title='bbox 800 1463 1045 1526; x_wconf 72' lang='lat' dir='ltr'><strong>nonnulla]</strong></span> <span class='ocrx_word' id='word_1_85' title='bbox 1090 1464 1275 1517; x_wconf 82' lang='lat' dir='ltr'><strong>Qualia</strong></span> <span class='ocrx_word' id='word_1_86' title='bbox 1294 1476 1503 1513; x_wconf 66' lang='lat' dir='ltr'><strong>eurime-</strong></span> 
     </span>
     <span class='ocr_line' id='line_1_15' title="bbox 454 1537 1505 1599; baseline -0.004 -11"><span class='ocrx_word' id='word_1_87' title='bbox 454 1545 541 1589; x_wconf 77' lang='lat' dir='ltr'><strong>rnt</strong></span> <span class='ocrx_word' id='word_1_88' title='bbox 575 1538 785 1589; x_wconf 75' lang='lat' dir='ltr'><strong>Arrian-</strong></span> <span class='ocrx_word' id='word_1_89' title='bbox 807 1552 908 1587; x_wconf 78' lang='lat' dir='ltr'><strong>vu.</strong></span> <span class='ocrx_word' id='word_1_90' title='bbox 942 1542 989 1588; x_wconf 83' lang='grc'><strong>8.</strong></span> <span class='ocrx_word' id='word_1_91' title='bbox 1025 1541 1193 1587; x_wconf 60' lang='grc' dir='ltr'><strong>(λεια.</strong></span> <span class='ocrx_word' id='word_1_92' title='bbox 1256 1537 1361 1585; x_wconf 88' lang='lat' dir='ltr'><strong>Ubi</strong></span> <span class='ocrx_word' id='word_1_93' title='bbox 1386 1543 1505 1599; x_wconf 86' lang='lat' dir='ltr'><strong>post</strong></span> 
     </span>
     <span class='ocr_line' id='line_1_16' title="bbox 454 1613 1503 1677; baseline -0.002 -12"><span class='ocrx_word' id='word_1_94' title='bbox 454 1616 557 1665; x_wconf 83' lang='lat' dir='ltr'><strong>alia</strong></span> <span class='ocrx_word' id='word_1_95' title='bbox 574 1628 691 1663; x_wconf 89' lang='lat' dir='ltr'><strong>cum</strong></span> <span class='ocrx_word' id='word_1_96' title='bbox 713 1613 993 1664; x_wconf 83' lang='lat' dir='ltr'><strong>Plutarcho</strong></span> <span class='ocrx_word' id='word_1_97' title='bbox 1012 1628 1133 1677; x_wconf 82' lang='lat' dir='ltr'><strong>cap.</strong></span> <span class='ocrx_word' id='word_1_98' title='bbox 1150 1617 1263 1663; x_wconf 92' lang='grc'><strong>128.</strong></span> <span class='ocrx_word' id='word_1_99' title='bbox 1280 1620 1337 1665; x_wconf 84' lang='lat' dir='ltr'><strong>et</strong></span> <span class='ocrx_word' id='word_1_100' title='bbox 1348 1613 1503 1663; x_wconf 83' lang='lat' dir='ltr'><strong>AElia·</strong></span> 
     </span>
     <span class='ocr_line' id='line_1_17' title="bbox 454 1688 1503 1744; baseline 0 -5"><span class='ocrx_word' id='word_1_101' title='bbox 454 1703 523 1739; x_wconf 81' lang='lat' dir='ltr'><strong>uo</strong></span> <span class='ocrx_word' id='word_1_102' title='bbox 542 1703 641 1739; x_wconf 77' lang='lat' dir='ltr'><strong>vn.</strong></span> <span class='ocrx_word' id='word_1_103' title='bbox 664 1693 713 1739; x_wconf 83' lang='grc'><strong>8.</strong></span> <span class='ocrx_word' id='word_1_104' title='bbox 731 1688 933 1744; x_wconf 84' lang='lat' dir='ltr'><strong>scribit.</strong></span> <span class='ocrx_word' id='word_1_105' title='bbox 962 1690 1097 1739; x_wconf 83' lang='lat' dir='ltr'><strong>inter</strong></span> <span class='ocrx_word' id='word_1_106' title='bbox 1118 1697 1294 1741; x_wconf 82' lang='lat' dir='ltr'><strong>cetera</strong></span> <span class='ocrx_word' id='word_1_107' title='bbox 1312 1690 1503 1739; x_wconf 78' lang='lat' dir='ltr'><strong>moesti·</strong></span> 
     </span>
     <span class='ocr_line' id='line_1_18' title="bbox 456 1765 1500 1829; baseline 0.004 -16"><span class='ocrx_word' id='word_1_108' title='bbox 456 1765 545 1815; x_wconf 68' lang='lat' dir='ltr'><strong>tiae</strong></span> <span class='ocrx_word' id='word_1_109' title='bbox 577 1765 725 1828; x_wconf 70' lang='lat' dir='ltr'><strong>signa</strong></span> <span class='ocrx_word' id='word_1_110' title='bbox 742 1766 980 1829; x_wconf 84' lang='lat' dir='ltr'><strong>jussisse,</strong></span> <span class='ocrx_word' id='word_1_111' title='bbox 1002 1780 1101 1815; x_wconf 90' lang='lat' dir='ltr'><strong>non</strong></span> <span class='ocrx_word' id='word_1_112' title='bbox 1133 1766 1363 1815; x_wconf 79' lang='lat' dir='ltr'><strong>homines</strong></span> <span class='ocrx_word' id='word_1_113' title='bbox 1396 1780 1500 1817; x_wconf 86' lang='lat' dir='ltr'><strong>rno-</strong></span> 
     </span>
     <span class='ocr_line' id='line_1_19' title="bbox 454 1839 1505 1906; baseline -0.001 -15"><span class='ocrx_word' id='word_1_114' title='bbox 454 1839 545 1902; x_wconf 83' lang='lat' dir='ltr'><strong>do,</strong></span> <span class='ocrx_word' id='word_1_115' title='bbox 562 1840 655 1891; x_wconf 83' lang='lat' dir='ltr'><strong>sed</strong></span> <span class='ocrx_word' id='word_1_116' title='bbox 684 1842 700 1869; x_wconf 89' lang='lat'>‘</span> <span class='ocrx_word' id='word_1_117' title='bbox 720 1854 876 1906; x_wconf 81' lang='lat' dir='ltr'><strong>equos</strong></span> <span class='ocrx_word' id='word_1_118' title='bbox 906 1848 964 1889; x_wconf 87' lang='lat' dir='ltr'><strong>et</strong></span> <span class='ocrx_word' id='word_1_119' title='bbox 1000 1841 1163 1890; x_wconf 87' lang='lat' dir='ltr'><strong>mulos</strong></span> <span class='ocrx_word' id='word_1_120' title='bbox 1198 1840 1355 1890; x_wconf 87' lang='lat' dir='ltr'><strong>etiam</strong></span> <span class='ocrx_word' id='word_1_121' title='bbox 1392 1846 1505 1890; x_wconf 86' lang='lat' dir='ltr'><strong>ton·</strong></span> 
     </span>
     <span class='ocr_line' id='line_1_20' title="bbox 454 1915 1505 1979; baseline 0 -14"><span class='ocrx_word' id='word_1_122' title='bbox 454 1916 569 1965; x_wconf 82' lang='lat' dir='ltr'><strong>deri</strong></span> <span class='ocrx_word' id='word_1_123' title='bbox 588 1915 625 1976; x_wconf 87' lang='lat'><strong>;&#39;</strong></span> <span class='ocrx_word' id='word_1_124' title='bbox 659 1916 793 1979; x_wconf 81' lang='lat' dir='ltr'><strong>quod</strong></span> <span class='ocrx_word' id='word_1_125' title='bbox 828 1916 983 1967; x_wconf 83' lang='lat' dir='ltr'><strong>etiam</strong></span> <span class='ocrx_word' id='word_1_126' title='bbox 1016 1917 1069 1966; x_wconf 90' lang='lat' dir='ltr'><strong>in</strong></span> <span class='ocrx_word' id='word_1_127' title='bbox 1095 1917 1316 1967; x_wconf 82' lang='lat' dir='ltr'><strong>Masistii</strong></span> <span class='ocrx_word' id='word_1_128' title='bbox 1339 1924 1505 1967; x_wconf 88' lang='lat' dir='ltr'><strong>morte</strong></span> 
     </span>
     <span class='ocr_line' id='line_1_21' title="bbox 454 1991 1504 2043; baseline -0.001 0"><span class='ocrx_word' id='word_1_129' title='bbox 454 1992 649 2043; x_wconf 85' lang='lat' dir='ltr'><strong>Peraas</strong></span> <span class='ocrx_word' id='word_1_130' title='bbox 689 1991 875 2042; x_wconf 76' lang='lat' dir='ltr'><strong>fecisse</strong></span> <span class='ocrx_word' id='word_1_131' title='bbox 912 2000 1087 2042; x_wconf 81' lang='lat' dir='ltr'><strong>narrat</strong></span> <span class='ocrx_word' id='word_1_132' title='bbox 1134 1992 1385 2043; x_wconf 76' lang='lat' dir='ltr'><strong>Herodot.</strong></span> <span class='ocrx_word' id='word_1_133' title='bbox 1424 2006 1504 2043; x_wconf 80' lang='lat' dir='ltr'><strong>rx.</strong></span> 
     </span>
     <span class='ocr_line' id='line_1_22' title="bbox 454 2066 1507 2132; baseline 0.003 -18"><span class='ocrx_word' id='word_1_134' title='bbox 454 2068 538 2115; x_wconf 74' lang='lat'><strong>2⁴.</strong></span> <span class='ocrx_word' id='word_1_135' title='bbox 559 2072 617 2115; x_wconf 85' lang='lat' dir='ltr'><strong>ct</strong></span> <span class='ocrx_word' id='word_1_136' title='bbox 647 2066 913 2117; x_wconf 81' lang='lat' dir='ltr'><strong>Plutarch.</strong></span> <span class='ocrx_word' id='word_1_137' title='bbox 936 2066 1165 2117; x_wconf 76' lang='lat' dir='ltr'><strong>Aristide</strong></span> <span class='ocrx_word' id='word_1_138' title='bbox 1198 2082 1315 2132; x_wconf 82' lang='lat' dir='ltr'><strong>cap.</strong></span> <span class='ocrx_word' id='word_1_139' title='bbox 1344 2072 1427 2121; x_wconf 77' lang='grc'><strong>29.</strong></span> <span class='ocrx_word' id='word_1_140' title='bbox 1450 2076 1507 2117; x_wconf 85' lang='lat' dir='ltr'><strong>et</strong></span> 
     </span>
     <span class='ocr_line' id='line_1_23' title="bbox 457 2139 1506 2203; baseline 0.002 -15"><span class='ocrx_word' id='word_1_141' title='bbox 457 2139 512 2188; x_wconf 83' lang='lat' dir='ltr'><strong>in</strong></span> <span class='ocrx_word' id='word_1_142' title='bbox 544 2140 813 2203; x_wconf 61' lang='lat' dir='ltr'><strong>Pelopida</strong></span> <span class='ocrx_word' id='word_1_143' title='bbox 845 2154 973 2190; x_wconf 85' lang='lat' dir='ltr'><strong>nece</strong></span> <span class='ocrx_word' id='word_1_144' title='bbox 1007 2140 1273 2193; x_wconf 72' lang='lat' dir='ltr'><strong>Plutarch.</strong></span> <span class='ocrx_word' id='word_1_145' title='bbox 1306 2144 1359 2191; x_wconf 86' lang='lat' dir='ltr'><strong>in</strong></span> <span class='ocrx_word' id='word_1_146' title='bbox 1383 2143 1506 2193; x_wconf 84' lang='lat' dir='ltr'><strong>Vita</strong></span> 
     </span>
     <span class='ocr_line' id='line_1_24' title="bbox 457 2216 1505 2281; baseline 0 -16"><span class='ocrx_word' id='word_1_147' title='bbox 457 2230 574 2280; x_wconf 85' lang='lat' dir='ltr'><strong>cap.</strong></span> <span class='ocrx_word' id='word_1_148' title='bbox 596 2220 679 2267; x_wconf 82' lang='lat' dir='ltr'><strong>ol.</strong></span> <span class='ocrx_word' id='word_1_149' title='bbox 740 2216 1018 2266; x_wconf 83' lang='lat' dir='ltr'><strong>Turcarnm</strong></span> <span class='ocrx_word' id='word_1_150' title='bbox 1040 2217 1159 2279; x_wconf 81' lang='lat' dir='ltr'><strong>equi</strong></span> <span class='ocrx_word' id='word_1_151' title='bbox 1192 2231 1505 2281; x_wconf 86' lang='lat' dir='ltr'><strong>prosequun-</strong></span> 
     </span>
     <span class='ocr_line' id='line_1_25' title="bbox 461 2290 1508 2343; baseline 0.002 -2"><span class='ocrx_word' id='word_1_152' title='bbox 461 2291 772 2341; x_wconf 81' lang='lat' dir='ltr'><strong>turberourn</strong></span> <span class='ocrx_word' id='word_1_153' title='bbox 794 2290 975 2341; x_wconf 76' lang='lat' dir='ltr'><strong>funera</strong></span> <span class='ocrx_word' id='word_1_154' title='bbox 996 2291 1157 2341; x_wconf 79' lang='lat' dir='ltr'><strong>versis</strong></span> <span class='ocrx_word' id='word_1_155' title='bbox 1180 2292 1385 2342; x_wconf 83' lang='lat' dir='ltr'><strong>instrati</strong></span> <span class='ocrx_word' id='word_1_156' title='bbox 1408 2295 1508 2343; x_wconf 82' lang='lat' dir='ltr'><strong>sel·</strong></span> 
     </span>
     <span class='ocr_line' id='line_1_26' title="bbox 455 2367 1509 2432; baseline 0 -15"><span class='ocrx_word' id='word_1_157' title='bbox 455 2368 537 2418; x_wconf 88' lang='lat' dir='ltr'><strong>lis.</strong></span> <span class='ocrx_word' id='word_1_158' title='bbox 584 2367 905 2432; x_wconf 78' lang='lat' dir='ltr'><strong>Spandngin.</strong></span> <span class='ocrx_word' id='word_1_159' title='bbox 924 2367 1064 2431; x_wconf 83' lang='lat' dir='ltr'><strong>apud</strong></span> <span class='ocrx_word' id='word_1_160' title='bbox 1084 2368 1353 2417; x_wconf 75' lang='lat' dir='ltr'><strong>sansovin.</strong></span> <span class='ocrx_word' id='word_1_161' title='bbox 1376 2367 1481 2417; x_wconf 84' lang='lat' dir='ltr'><strong>dell</strong></span> <span class='ocrx_word' id='word_1_162' title='bbox 1494 2368 1509 2390; x_wconf 88' lang='lat'><em>&#39;</em></span> 
     </span>
     <span class='ocr_line' id='line_1_27' title="bbox 460 2442 1511 2506; baseline -0.002 -10"><span class='ocrx_word' id='word_1_163' title='bbox 460 2443 607 2506; x_wconf 59' lang='lat' dir='ltr'><strong>Oria.</strong></span> <span class='ocrx_word' id='word_1_164' title='bbox 632 2443 715 2496; x_wconf 85' lang='lat' dir='ltr'><strong>de’</strong></span> <span class='ocrx_word' id='word_1_165' title='bbox 752 2443 947 2496; x_wconf 77' lang='lat' dir='ltr'><strong>Turcbi</strong></span> <span class='ocrx_word' id='word_1_166' title='bbox 982 2442 1075 2494; x_wconf 81' lang='lat' dir='ltr'><strong>fol.</strong></span> <span class='ocrx_word' id='word_1_167' title='bbox 1110 2448 1221 2494; x_wconf 81' lang='grc'><strong>181.</strong></span> <span class='ocrx_word' id='word_1_168' title='bbox 1288 2444 1511 2494; x_wconf 78' lang='lat' dir='ltr'><strong>Alexan·</strong></span> 
     </span>
     <span class='ocr_line' id='line_1_28' title="bbox 458 2519 1509 2582; baseline 0 -13"><span class='ocrx_word' id='word_1_169' title='bbox 458 2519 607 2569; x_wconf 83' lang='lat' dir='ltr'><strong>drum</strong></span> <span class='ocrx_word' id='word_1_170' title='bbox 630 2519 787 2568; x_wconf 85' lang='lat' dir='ltr'><strong>etiarn</strong></span> <span class='ocrx_word' id='word_1_171' title='bbox 814 2519 1032 2582; x_wconf 87' lang='lat' dir='ltr'><strong>jussisse</strong></span> <span class='ocrx_word' id='word_1_172' title='bbox 1056 2526 1072 2548; x_wconf 84' lang='lat'>‘</span> <span class='ocrx_word' id='word_1_173' title='bbox 1092 2520 1275 2581; x_wconf 81' lang='lat' dir='ltr'><strong>passim</strong></span> <span class='ocrx_word' id='word_1_174' title='bbox 1306 2519 1509 2569; x_wconf 85' lang='lat' dir='ltr'><strong>incendi</strong></span> 
     </span>
     <span class='ocr_line' id='line_1_29' title="bbox 456 2594 1513 2660; baseline 0.001 -15"><span class='ocrx_word' id='word_1_175' title='bbox 456 2596 741 2660; x_wconf 81' lang='lat' dir='ltr'><strong>AEsculapii</strong></span> <span class='ocrx_word' id='word_1_176' title='bbox 763 2594 916 2657; x_wconf 78' lang='lat' dir='ltr'><strong>fana,’</strong></span> <span class='ocrx_word' id='word_1_177' title='bbox 940 2596 1189 2646; x_wconf 78' lang='lat' dir='ltr'><strong>Arrianus</strong></span> <span class='ocrx_word' id='word_1_178' title='bbox 1212 2596 1337 2646; x_wconf 83' lang='lat' dir='ltr'><strong>ibid.</strong></span> <span class='ocrx_word' id='word_1_179' title='bbox 1370 2605 1427 2646; x_wconf 87' lang='lat' dir='ltr'><strong>et</strong></span> <span class='ocrx_word' id='word_1_180' title='bbox 1461 2599 1513 2646; x_wconf 89' lang='lat' dir='ltr'><strong>in</strong></span> 
     </span>
     <span class='ocr_line' id='line_1_30' title="bbox 462 2671 1510 2736; baseline 0.004 -14"><span class='ocrx_word' id='word_1_181' title='bbox 462 2671 761 2736; x_wconf 76' lang='lat' dir='ltr'><strong>Epictetum</strong></span> <span class='ocrx_word' id='word_1_182' title='bbox 786 2686 849 2722; x_wconf 93' lang='grc' dir='ltr'><strong>ιι.</strong></span> <span class='ocrx_word' id='word_1_183' title='bbox 872 2676 957 2722; x_wconf 86' lang='grc'><strong>22.</strong></span> <span class='ocrx_word' id='word_1_184' title='bbox 980 2671 1158 2721; x_wconf 86' lang='lat' dir='ltr'><strong>tradit.</strong></span> <span class='ocrx_word' id='word_1_185' title='bbox 1194 2673 1510 2736; x_wconf 78' lang='lat' dir='ltr'><strong>Exprobraa·</strong></span> 
     </span>
     <span class='ocr_line' id='line_1_31' title="bbox 458 2750 1512 2814; baseline 0 -14"><span class='ocrx_word' id='word_1_186' title='bbox 458 2763 516 2800; x_wconf 83' lang='lat' dir='ltr'><strong>se</strong></span> <span class='ocrx_word' id='word_1_187' title='bbox 540 2764 713 2800; x_wconf 84' lang='lat' dir='ltr'><strong>casum</strong></span> <span class='ocrx_word' id='word_1_188' title='bbox 736 2751 877 2800; x_wconf 79' lang='lat' dir='ltr'><strong>illum</strong></span> <span class='ocrx_word' id='word_1_189' title='bbox 900 2750 1193 2813; x_wconf 83' lang='lat' dir='ltr'><strong>AEsculapio</strong></span> <span class='ocrx_word' id='word_1_190' title='bbox 1214 2750 1350 2812; x_wconf 86' lang='lat' dir='ltr'><strong>apud</strong></span> <span class='ocrx_word' id='word_1_191' title='bbox 1376 2751 1512 2814; x_wconf 68' lang='lat' dir='ltr'><strong>lega·</strong></span> 
     </span>
     <span class='ocr_line' id='line_1_32' title="bbox 462 2826 1510 2890; baseline 0.002 -14"><span class='ocrx_word' id='word_1_192' title='bbox 462 2835 543 2878; x_wconf 91' lang='lat' dir='ltr'><strong>tos</strong></span> <span class='ocrx_word' id='word_1_193' title='bbox 564 2827 955 2890; x_wconf 80' lang='lat' dir='ltr'><strong>Epidauriorum</strong></span> <span class='ocrx_word' id='word_1_194' title='bbox 995 2826 1201 2877; x_wconf 77' lang='lat' dir='ltr'><strong>Arrian.</strong></span> <span class='ocrx_word' id='word_1_195' title='bbox 1224 2840 1328 2876; x_wconf 71' lang='lat' dir='ltr'><strong>vn.</strong></span> <span class='ocrx_word' id='word_1_196' title='bbox 1356 2830 1407 2878; x_wconf 87' lang='grc'><strong>8.</strong></span> <span class='ocrx_word' id='word_1_197' title='bbox 1431 2831 1510 2878; x_wconf 90' lang='grc'><strong>18.</strong></span> 
     </span>
     <span class='ocr_line' id='line_1_33' title="bbox 460 2903 1511 2955; baseline 0.002 -3"><span class='ocrx_word' id='word_1_198' title='bbox 460 2912 657 2952; x_wconf 73' lang='lat' dir='ltr'><strong>nanat.</strong></span> <span class='ocrx_word' id='word_1_199' title='bbox 712 2905 927 2954; x_wconf 85' lang='lat' dir='ltr'><strong>‘Muros</strong></span> <span class='ocrx_word' id='word_1_200' title='bbox 965 2903 1341 2953; x_wconf 84' lang='lat' dir='ltr'><strong>Ecbatanornm</strong></span> <span class='ocrx_word' id='word_1_201' title='bbox 1379 2906 1511 2955; x_wconf 81' lang='lat' dir='ltr'><strong>areis</strong></span> 
     </span>
     <span class='ocr_line' id='line_1_34' title="bbox 462 2979 1332 3039; baseline -0.001 -10"><span class='ocrx_word' id='word_1_202' title='bbox 462 2979 747 3039; x_wconf 48' lang='lat' dir='ltr'><strong>evertisse?</strong></span> <span class='ocrx_word' id='word_1_203' title='bbox 770 2979 958 3029; x_wconf 80' lang='lat' dir='ltr'><strong>AElian.</strong></span> <span class='ocrx_word' id='word_1_204' title='bbox 980 2992 1079 3028; x_wconf 79' lang='lat' dir='ltr'><strong>vn.</strong></span> <span class='ocrx_word' id='word_1_205' title='bbox 1100 2982 1150 3028; x_wconf 82' lang='lat'><strong>8.</strong></span> <span class='ocrx_word' id='word_1_206' title='bbox 1182 2979 1332 3030; x_wconf 71' lang='lat' dir='ltr'><strong>laem.</strong></span> 
     </span>
    </p>

    <p class='ocr_par' dir='ltr' id='par_1_11' title="bbox 462 3053 1525 4246">
     <span class='ocr_line' id='line_1_35' title="bbox 527 3053 1512 3119; baseline -0.002 -15"><span class='ocrx_word' id='word_1_207' title='bbox 527 3053 805 3119; x_wconf 64' lang='lat' dir='ltr'><strong>&amp;casseu-i</strong></span> <span class='ocrx_word' id='word_1_208' title='bbox 822 3053 1050 3118; x_wconf 76' lang='lat' dir='ltr'><strong>jusserit]</strong></span> <span class='ocrx_word' id='word_1_209' title='bbox 1102 3055 1366 3104; x_wconf 83' lang='lat' dir='ltr'><strong>Describit</strong></span> <span class='ocrx_word' id='word_1_210' title='bbox 1398 3067 1512 3104; x_wconf 87' lang='lat' dir='ltr'><strong>earn</strong></span> 
     </span>
     <span class='ocr_line' id='line_1_36' title="bbox 465 3128 1515 3192; baseline -0.001 -13"><span class='ocrx_word' id='word_1_211' title='bbox 465 3144 573 3179; x_wconf 87' lang='lat' dir='ltr'><strong>rem</strong></span> <span class='ocrx_word' id='word_1_212' title='bbox 608 3137 801 3192; x_wconf 76' lang='lat' dir='ltr'><strong>preater</strong></span> <span class='ocrx_word' id='word_1_213' title='bbox 834 3137 1070 3180; x_wconf 85' lang='lat' dir='ltr'><strong>auctores</strong></span> <span class='ocrx_word' id='word_1_214' title='bbox 1111 3128 1247 3180; x_wconf 79' lang='lat' dir='ltr'><strong>His&#39;t.</strong></span> <span class='ocrx_word' id='word_1_215' title='bbox 1292 3129 1515 3178; x_wconf 79' lang='lat' dir='ltr'><strong>Alexan·</strong></span> 
     </span>
     <span class='ocr_line' id='line_1_37' title="bbox 462 3203 1511 3263; baseline -0.003 -9"><span class='ocrx_word' id='word_1_216' title='bbox 462 3204 649 3263; x_wconf 77' lang='lat' dir='ltr'><strong>drinae,</strong></span> <span class='ocrx_word' id='word_1_217' title='bbox 686 3204 959 3258; x_wconf 79' lang='lat' dir='ltr'><strong>Lucianus,</strong></span> <span class='ocrx_word' id='word_1_218' title='bbox 992 3203 1045 3252; x_wconf 87' lang='lat' dir='ltr'><strong>in</strong></span> <span class='ocrx_word' id='word_1_219' title='bbox 1071 3206 1088 3231; x_wconf 80' lang='lat'>⁸</span> <span class='ocrx_word' id='word_1_220' title='bbox 1108 3204 1376 3254; x_wconf 64' lang='lat' dir='ltr'><strong>calumnia</strong></span> <span class='ocrx_word' id='word_1_221' title='bbox 1408 3218 1511 3254; x_wconf 89' lang='lat' dir='ltr'><strong>non</strong></span> 
     </span>
     <span class='ocr_line' id='line_1_38' title="bbox 468 3275 1513 3336; baseline 0.001 -10"><span class='ocrx_word' id='word_1_222' title='bbox 468 3285 663 3326; x_wconf 84' lang='lat' dir='ltr'><strong>temere</strong></span> <span class='ocrx_word' id='word_1_223' title='bbox 694 3275 1047 3336; x_wconf 81' lang='lat' dir='ltr'><strong>eredendum,&#39;</strong></span> <span class='ocrx_word' id='word_1_224' title='bbox 1082 3289 1179 3326; x_wconf 88' lang='lat' dir='ltr'><strong>non</strong></span> <span class='ocrx_word' id='word_1_225' title='bbox 1215 3279 1379 3326; x_wconf 83' lang='lat' dir='ltr'><strong>minua</strong></span> <span class='ocrx_word' id='word_1_226' title='bbox 1407 3279 1513 3327; x_wconf 84' lang='lat' dir='ltr'><strong>ele·</strong></span> 
     </span>
     <span class='ocr_line' id='line_1_39' title="bbox 466 3349 1515 3416; baseline -0.004 -14"><span class='ocrx_word' id='word_1_227' title='bbox 466 3359 668 3414; x_wconf 71' lang='lat' dir='ltr'><strong>gauter,</strong></span> <span class='ocrx_word' id='word_1_228' title='bbox 688 3365 839 3416; x_wconf 83' lang='lat' dir='ltr'><strong>quam</strong></span> <span class='ocrx_word' id='word_1_229' title='bbox 861 3349 1067 3411; x_wconf 82' lang='lat' dir='ltr'><strong>copiose</strong></span> <span class='ocrx_word' id='word_1_230' title='bbox 1081 3367 1097 3398; x_wconf 69' lang='grc' dir='ltr'><strong>ε</strong></span> <span class='ocrx_word' id='word_1_231' title='bbox 1144 3351 1161 3378; x_wconf 78' lang='lat'>⁴</span> <span class='ocrx_word' id='word_1_232' title='bbox 1180 3350 1333 3414; x_wconf 79' lang='lat' dir='ltr'><strong>Apud</strong></span> <span class='ocrx_word' id='word_1_233' title='bbox 1356 3349 1515 3400; x_wconf 84' lang='lat' dir='ltr'><strong>Alex·</strong></span> 
     </span>
     <span class='ocr_line' id='line_1_40' title="bbox 466 3424 1517 3490; baseline -0.001 -12"><span class='ocrx_word' id='word_1_234' title='bbox 466 3427 685 3478; x_wconf 85' lang='lat' dir='ltr'><strong>andrum</strong></span> <span class='ocrx_word' id='word_1_235' title='bbox 718 3424 1007 3490; x_wconf 77' lang='lat' dir='ltr'><strong>gravissimi</strong></span> <span class='ocrx_word' id='word_1_236' title='bbox 1030 3425 1252 3474; x_wconf 82' lang='lat' dir='ltr'><strong>criminis</strong></span> <span class='ocrx_word' id='word_1_237' title='bbox 1286 3439 1404 3475; x_wconf 84' lang='lat' dir='ltr'><strong>rens</strong></span> <span class='ocrx_word' id='word_1_238' title='bbox 1426 3426 1517 3478; x_wconf 74' lang='lat' dir='ltr'><strong>fie-</strong></span> 
     </span>
     <span class='ocr_line' id='line_1_41' title="bbox 466 3500 1518 3568; baseline -0.003 -14"><span class='ocrx_word' id='word_1_239' title='bbox 466 3503 576 3566; x_wconf 85' lang='lat' dir='ltr'><strong>bat,</strong></span> <span class='ocrx_word' id='word_1_240' title='bbox 608 3503 695 3568; x_wconf 83' lang='lat' dir='ltr'><strong>qui</strong></span> <span class='ocrx_word' id='word_1_241' title='bbox 728 3502 901 3552; x_wconf 78' lang='lat' dir='ltr'><strong>colere</strong></span> <span class='ocrx_word' id='word_1_242' title='bbox 934 3509 991 3551; x_wconf 85' lang='lat' dir='ltr'><strong>et</strong></span> <span class='ocrx_word' id='word_1_243' title='bbox 1020 3500 1233 3552; x_wconf 82' lang='lat' dir='ltr'><strong>adorare</strong></span> <span class='ocrx_word' id='word_1_244' title='bbox 1270 3501 1518 3566; x_wconf 67' lang='lat' dir='ltr'><strong>Hephaes-</strong></span> 
     </span>
     <span class='ocr_line' id='line_1_42' title="bbox 468 3577 1519 3641; baseline -0.003 -11"><span class='ocrx_word' id='word_1_245' title='bbox 468 3581 609 3630; x_wconf 83' lang='lat' dir='ltr'><strong>tioua</strong></span> <span class='ocrx_word' id='word_1_246' title='bbox 631 3579 820 3629; x_wconf 80' lang='lat' dir='ltr'><strong>nollet:</strong></span> <span class='ocrx_word' id='word_1_247' title='bbox 844 3593 963 3627; x_wconf 87' lang='lat' dir='ltr'><strong>nam</strong></span> <span class='ocrx_word' id='word_1_248' title='bbox 980 3584 1309 3641; x_wconf 70' lang='lat' dir='ltr'><strong>posteaquam</strong></span> <span class='ocrx_word' id='word_1_249' title='bbox 1332 3577 1373 3627; x_wconf 83' lang='lat' dir='ltr'><strong>is</strong></span> <span class='ocrx_word' id='word_1_250' title='bbox 1390 3578 1519 3627; x_wconf 79' lang='lat' dir='ltr'><strong>vivis</strong></span> 
     </span>
     <span class='ocr_line' id='line_1_43' title="bbox 470 3653 1519 3717; baseline -0.002 -13"><span class='ocrx_word' id='word_1_251' title='bbox 470 3655 715 3717; x_wconf 79' lang='lat' dir='ltr'><strong>excessit,</strong></span> <span class='ocrx_word' id='word_1_252' title='bbox 734 3667 909 3703; x_wconf 84' lang='lat' dir='ltr'><strong>amore</strong></span> <span class='ocrx_word' id='word_1_253' title='bbox 935 3655 1097 3702; x_wconf 79' lang='lat' dir='ltr'><strong>victus</strong></span> <span class='ocrx_word' id='word_1_254' title='bbox 1126 3653 1423 3703; x_wconf 75' lang='lat' dir='ltr'>Alexander</span> <span class='ocrx_word' id='word_1_255' title='bbox 1444 3653 1519 3704; x_wconf 81' lang='lat' dir='ltr'><strong>ef·</strong></span> 
     </span>
     <span class='ocr_line' id='line_1_44' title="bbox 472 3729 1519 3793; baseline -0.001 -12"><span class='ocrx_word' id='word_1_256' title='bbox 472 3729 589 3782; x_wconf 77' lang='lat' dir='ltr'><strong>fuso</strong></span> <span class='ocrx_word' id='word_1_257' title='bbox 611 3733 780 3781; x_wconf 83' lang='lat' dir='ltr'><strong>animo</strong></span> <span class='ocrx_word' id='word_1_258' title='bbox 812 3731 876 3780; x_wconf 84' lang='lat' dir='ltr'><strong>ad</strong></span> <span class='ocrx_word' id='word_1_259' title='bbox 902 3730 1147 3792; x_wconf 81' lang='lat' dir='ltr'><strong>reliquam</strong></span> <span class='ocrx_word' id='word_1_260' title='bbox 1170 3730 1361 3781; x_wconf 80' lang='lat' dir='ltr'><strong>funeris</strong></span> <span class='ocrx_word' id='word_1_261' title='bbox 1383 3747 1519 3793; x_wconf 67' lang='lat' dir='ltr'><strong>mag·</strong></span> 
     </span>
     <span class='ocr_line' id='line_1_45' title="bbox 472 3805 1518 3868; baseline -0.001 -12"><span class='ocrx_word' id='word_1_262' title='bbox 472 3805 785 3857; x_wconf 78' lang='lat' dir='ltr'><strong>nifieentiam</strong></span> <span class='ocrx_word' id='word_1_263' title='bbox 815 3805 1047 3856; x_wconf 81' lang='lat' dir='ltr'><strong>additum</strong></span> <span class='ocrx_word' id='word_1_264' title='bbox 1080 3808 1259 3868; x_wconf 76' lang='lat' dir='ltr'><strong>voluit,</strong></span> <span class='ocrx_word' id='word_1_265' title='bbox 1290 3815 1349 3857; x_wconf 85' lang='lat' dir='ltr'><strong>ut</strong></span> <span class='ocrx_word' id='word_1_266' title='bbox 1386 3822 1518 3856; x_wconf 87' lang='lat' dir='ltr'><strong>mor-</strong></span> 
     </span>
     <span class='ocr_line' id='line_1_46' title="bbox 474 3881 1521 3943; baseline 0 -11"><span class='ocrx_word' id='word_1_267' title='bbox 474 3889 593 3932; x_wconf 80' lang='lat' dir='ltr'><strong>tuus</strong></span> <span class='ocrx_word' id='word_1_268' title='bbox 614 3883 749 3932; x_wconf 83' lang='lat' dir='ltr'><strong>inter</strong></span> <span class='ocrx_word' id='word_1_269' title='bbox 772 3883 913 3932; x_wconf 82' lang='lat' dir='ltr'><strong>Deos</strong></span> <span class='ocrx_word' id='word_1_270' title='bbox 944 3881 1283 3943; x_wconf 69' lang='lat' dir='ltr'><strong>Hepboestion</strong></span> <span class='ocrx_word' id='word_1_271' title='bbox 1304 3883 1521 3932; x_wconf 79' lang='lat' dir='ltr'><strong>liabere-</strong></span> 
     </span>
     <span class='ocr_line' id='line_1_47' title="bbox 472 3956 1521 4018; baseline 0 -10"><span class='ocrx_word' id='word_1_272' title='bbox 472 3966 580 4008; x_wconf 80' lang='lat' dir='ltr'><strong>tnr.</strong></span> <span class='ocrx_word' id='word_1_273' title='bbox 644 3957 899 4007; x_wconf 77' lang='lat' dir='ltr'><strong>Continuo</strong></span> <span class='ocrx_word' id='word_1_274' title='bbox 946 3956 995 4006; x_wconf 85' lang='lat' dir='ltr'><strong>el</strong></span> <span class='ocrx_word' id='word_1_275' title='bbox 1047 3956 1241 4018; x_wconf 83' lang='lat' dir='ltr'><strong>templa</strong></span> <span class='ocrx_word' id='word_1_276' title='bbox 1282 3959 1521 4008; x_wconf 77' lang='lat' dir='ltr'><strong>civitates</strong></span> 
     </span>
     <span class='ocr_line' id='line_1_48' title="bbox 472 4032 1519 4099; baseline 0 -15"><span class='ocrx_word' id='word_1_277' title='bbox 472 4035 735 4099; x_wconf 66' lang='lat' dir='ltr'><strong>pleraque</strong></span> <span class='ocrx_word' id='word_1_278' title='bbox 756 4034 1015 4096; x_wconf 83' lang='lat' dir='ltr'><strong>dicarunt,</strong></span> <span class='ocrx_word' id='word_1_279' title='bbox 1046 4032 1257 4082; x_wconf 85' lang='lat' dir='ltr'><strong>delubra</strong></span> <span class='ocrx_word' id='word_1_280' title='bbox 1276 4033 1519 4084; x_wconf 80' lang='lat' dir='ltr'><strong>condide-</strong></span> 
     </span>
     <span class='ocr_line' id='line_1_49' title="bbox 474 4107 1524 4173; baseline 0 -13"><span class='ocrx_word' id='word_1_281' title='bbox 474 4115 615 4173; x_wconf 85' lang='lat' dir='ltr'><strong>runt,</strong></span> <span class='ocrx_word' id='word_1_282' title='bbox 660 4122 795 4173; x_wconf 84' lang='lat' dir='ltr'><strong>aras,</strong></span> <span class='ocrx_word' id='word_1_283' title='bbox 838 4123 1006 4167; x_wconf 83' lang='lat' dir='ltr'><strong>sacra,</strong></span> <span class='ocrx_word' id='word_1_284' title='bbox 1048 4107 1205 4157; x_wconf 76' lang='lat' dir='ltr'><strong>ferias</strong></span> <span class='ocrx_word' id='word_1_285' title='bbox 1250 4122 1385 4158; x_wconf 78' lang='lat' dir='ltr'><strong>novo</strong></span> <span class='ocrx_word' id='word_1_286' title='bbox 1424 4108 1524 4160; x_wconf 79' lang='lat' dir='ltr'><strong>deo</strong></span> 
     </span>
     <span class='ocr_line' id='line_1_50' title="bbox 477 4181 1525 4246; baseline -0.003 -9"><span class='ocrx_word' id='word_1_287' title='bbox 477 4190 779 4237; x_wconf 78' lang='lat' dir='ltr'><strong>sanxerunt.</strong></span> <span class='ocrx_word' id='word_1_288' title='bbox 864 4181 1231 4246; x_wconf 81' lang='lat' dir='ltr'><strong>Jusjnrandum</strong></span> <span class='ocrx_word' id='word_1_289' title='bbox 1300 4183 1525 4234; x_wconf 73' lang='lat' dir='ltr'><strong>omnium</strong></span> 
     </span>
    </p>
   </div>
   <div class='ocr_carea' id='block_1_10' title="bbox 1570 1234 2691 4244">
    <p class='ocr_par' dir='ltr' id='par_1_12' title="bbox 1570 1234 2691 4244">
     <span class='ocr_line' id='line_1_51' title="bbox 1572 1234 2622 1307; baseline 0.001 -23"><span class='ocrx_word' id='word_1_290' title='bbox 1572 1234 2008 1299; x_wconf 73' lang='lat' dir='ltr'><strong>religiosissimum</strong></span> <span class='ocrx_word' id='word_1_291' title='bbox 2021 1234 2407 1299; x_wconf 70' lang='lat' dir='ltr'><strong>Hepbaestionis</strong></span> <span class='ocrx_word' id='word_1_292' title='bbox 2421 1236 2622 1307; x_wconf 70' lang='lat' dir='ltr'><strong>nomine</strong></span> 
     </span>
     <span class='ocr_line' id='line_1_52' title="bbox 1570 1310 2622 1377; baseline -0.002 -14"><span class='ocrx_word' id='word_1_293' title='bbox 1570 1310 1691 1363; x_wconf 80' lang='lat' dir='ltr'><strong>fuit.</strong></span> <span class='ocrx_word' id='word_1_294' title='bbox 1744 1313 1980 1377; x_wconf 84' lang='lat' dir='ltr'><strong>Capitale</strong></span> <span class='ocrx_word' id='word_1_295' title='bbox 2002 1318 2135 1371; x_wconf 83' lang='lat' dir='ltr'><strong>erat,</strong></span> <span class='ocrx_word' id='word_1_296' title='bbox 2156 1312 2200 1361; x_wconf 87' lang='lat' dir='ltr'><strong>si</strong></span> <span class='ocrx_word' id='word_1_297' title='bbox 2222 1311 2334 1375; x_wconf 84' lang='lat' dir='ltr'><strong>quis</strong></span> <span class='ocrx_word' id='word_1_298' title='bbox 2355 1312 2450 1361; x_wconf 77' lang='lat' dir='ltr'><strong>bac</strong></span> <span class='ocrx_word' id='word_1_299' title='bbox 2473 1319 2622 1376; x_wconf 83' lang='lat' dir='ltr'><strong>parte</strong></span> 
     </span>
     <span class='ocr_line' id='line_1_53' title="bbox 1571 1386 2620 1449; baseline 0 -12"><span class='ocrx_word' id='word_1_300' title='bbox 1571 1390 1655 1438; x_wconf 82' lang='lat' dir='ltr'><strong>vel</strong></span> <span class='ocrx_word' id='word_1_301' title='bbox 1677 1394 1992 1444; x_wconf 85' lang='lat' dir='ltr'><strong>contaretur,</strong></span> <span class='ocrx_word' id='word_1_302' title='bbox 2007 1387 2086 1437; x_wconf 76' lang='lat' dir='ltr'><strong>vel</strong></span> <span class='ocrx_word' id='word_1_303' title='bbox 2112 1386 2384 1449; x_wconf 76' lang='lat' dir='ltr'><strong>neglectim</strong></span> <span class='ocrx_word' id='word_1_304' title='bbox 2405 1387 2620 1437; x_wconf 87' lang='lat' dir='ltr'><strong>coleret.</strong></span> 
     </span>
     <span class='ocr_line' id='line_1_54' title="bbox 1572 1459 2623 1523; baseline -0.004 -10"><span class='ocrx_word' id='word_1_305' title='bbox 1572 1462 1678 1513; x_wconf 83' lang='lat' dir='ltr'><strong>Hic</strong></span> <span class='ocrx_word' id='word_1_306' title='bbox 1711 1464 1939 1513; x_wconf 80' lang='lat' dir='ltr'><strong>eviratus</strong></span> <span class='ocrx_word' id='word_1_307' title='bbox 1976 1459 2211 1523; x_wconf 81' lang='lat' dir='ltr'><strong>affectus,</strong></span> <span class='ocrx_word' id='word_1_308' title='bbox 2247 1460 2358 1510; x_wconf 66' lang='lat' dir='ltr'><strong>bec</strong></span> <span class='ocrx_word' id='word_1_309' title='bbox 2399 1460 2623 1516; x_wconf 81' lang='lat' dir='ltr'><strong>vesania,</strong></span> 
     </span>
     <span class='ocr_line' id='line_1_55' title="bbox 1573 1533 2624 1586; baseline -0.003 0"><span class='ocrx_word' id='word_1_310' title='bbox 1573 1535 1674 1586; x_wconf 78' lang='lat' dir='ltr'><strong>fuit</strong></span> <span class='ocrx_word' id='word_1_311' title='bbox 1708 1535 2124 1586; x_wconf 84' lang='lat' dir='ltr'><strong>adsentatoribus</strong></span> <span class='ocrx_word' id='word_1_312' title='bbox 2159 1533 2413 1585; x_wconf 84' lang='lat' dir='ltr'><strong>occasioni</strong></span> <span class='ocrx_word' id='word_1_313' title='bbox 2441 1547 2624 1585; x_wconf 82' lang='lat' dir='ltr'><strong>accen-</strong></span> 
     </span>
     <span class='ocr_line' id='line_1_56' title="bbox 1573 1604 2680 1679; baseline -0.002 -20"><span class='ocrx_word' id='word_1_314' title='bbox 1573 1610 1733 1659; x_wconf 88' lang='lat' dir='ltr'><strong>dendi</strong></span> <span class='ocrx_word' id='word_1_315' title='bbox 1768 1608 2218 1673; x_wconf 79' lang='lat' dir='ltr'><strong>inflammandique</strong></span> <span class='ocrx_word' id='word_1_316' title='bbox 2263 1610 2420 1671; x_wconf 75' lang='lat' dir='ltr'><strong>regis.</strong></span> <span class='ocrx_word' id='word_1_317' title='bbox 2490 1608 2625 1679; x_wconf 69' lang='lat' dir='ltr'><strong>Nar·-</strong></span> <span class='ocrx_word' id='word_1_318' title='bbox 2669 1604 2680 1617; x_wconf 86' lang='lat'>&#39;</span> 
     </span>
     <span class='ocr_line' id='line_1_57' title="bbox 1574 1682 2626 1745; baseline -0.002 -10"><span class='ocrx_word' id='word_1_319' title='bbox 1574 1685 1823 1735; x_wconf 72' lang='lat' dir='ltr'><strong>rabuntur</strong></span> <span class='ocrx_word' id='word_1_320' title='bbox 1855 1684 2120 1745; x_wconf 86' lang='lat' dir='ltr'><strong>insomnia,</strong></span> <span class='ocrx_word' id='word_1_321' title='bbox 2145 1682 2266 1733; x_wconf 68' lang='lat' dir='ltr'><strong>vis·</strong></span> <span class='ocrx_word' id='word_1_322' title='bbox 2291 1682 2626 1745; x_wconf 70' lang='lat' dir='ltr'><strong>Hepbaestio·</strong></span> 
     </span>
     <span class='ocr_line' id='line_1_58' title="bbox 1570 1757 2624 1823; baseline -0.004 -12"><span class='ocrx_word' id='word_1_323' title='bbox 1570 1762 1653 1811; x_wconf 87' lang='lat' dir='ltr'><strong>nis</strong></span> <span class='ocrx_word' id='word_1_324' title='bbox 1676 1760 1894 1819; x_wconf 64' lang='lat' dir='ltr'><strong>umbrae,</strong></span> <span class='ocrx_word' id='word_1_325' title='bbox 1929 1757 2350 1823; x_wconf 62' lang='lat' dir='ltr'><strong>medicabuntur</strong></span> <span class='ocrx_word' id='word_1_326' title='bbox 2380 1758 2514 1807; x_wconf 88' lang='lat' dir='ltr'><strong>illius</strong></span> <span class='ocrx_word' id='word_1_327' title='bbox 2550 1772 2624 1807; x_wconf 82' lang='lat' dir='ltr'><strong>re·</strong></span> 
     </span>
     <span class='ocr_line' id='line_1_59' title="bbox 1573 1832 2628 1901; baseline -0.005 -13"><span class='ocrx_word' id='word_1_328' title='bbox 1573 1851 1782 1901; x_wconf 77' lang='lat' dir='ltr'><strong>sponsa.</strong></span> <span class='ocrx_word' id='word_1_329' title='bbox 1847 1836 2088 1900; x_wconf 86' lang='lat' dir='ltr'><strong>Denique</strong></span> <span class='ocrx_word' id='word_1_330' title='bbox 2111 1848 2216 1884; x_wconf 75' lang='lat' dir='ltr'><strong>arae</strong></span> <span class='ocrx_word' id='word_1_331' title='bbox 2237 1841 2293 1883; x_wconf 86' lang='lat' dir='ltr'><strong>et</strong></span> <span class='ocrx_word' id='word_1_332' title='bbox 2315 1846 2462 1883; x_wconf 82' lang='lat' dir='ltr'><strong>sacra</strong></span> <span class='ocrx_word' id='word_1_333' title='bbox 2483 1832 2628 1883; x_wconf 86' lang='lat' dir='ltr'><strong>dica·</strong></span> 
     </span>
     <span class='ocr_line' id='line_1_60' title="bbox 1574 1910 2626 1967; baseline -0.008 0"><span class='ocrx_word' id='word_1_334' title='bbox 1574 1924 1632 1967; x_wconf 84' lang='lat' dir='ltr'><strong>ta</strong></span> <span class='ocrx_word' id='word_1_335' title='bbox 1661 1924 1783 1966; x_wconf 86' lang='lat' dir='ltr'><strong>sunt</strong></span> <span class='ocrx_word' id='word_1_336' title='bbox 1802 1914 2041 1965; x_wconf 71' lang='lat' dir='ltr'><strong>familiari</strong></span> <span class='ocrx_word' id='word_1_337' title='bbox 2065 1920 2121 1961; x_wconf 86' lang='lat' dir='ltr'><strong>et</strong></span> <span class='ocrx_word' id='word_1_338' title='bbox 2153 1912 2398 1962; x_wconf 86' lang='lat' dir='ltr'><strong>malorum</strong></span> <span class='ocrx_word' id='word_1_339' title='bbox 2436 1910 2626 1961; x_wconf 83' lang='lat' dir='ltr'><strong>vindici</strong></span> 
     </span>
     <span class='ocr_line' id='line_1_61' title="bbox 1574 1986 2678 2043; baseline -0.005 -3"><span class='ocrx_word' id='word_1_340' title='bbox 1574 1993 1706 2043; x_wconf 84' lang='lat' dir='ltr'><strong>Deo.</strong></span> <span class='ocrx_word' id='word_1_341' title='bbox 1774 1989 2002 2041; x_wconf 79' lang='lat' dir='ltr'><strong>Proinde</strong></span> <span class='ocrx_word' id='word_1_342' title='bbox 2043 2004 2160 2038; x_wconf 88' lang='lat' dir='ltr'><strong>cum</strong></span> <span class='ocrx_word' id='word_1_343' title='bbox 2210 1987 2288 2037; x_wconf 83' lang='lat' dir='ltr'><strong>his</strong></span> <span class='ocrx_word' id='word_1_344' title='bbox 2331 1986 2628 2037; x_wconf 73' lang='lat' dir='ltr'><strong>Alexander</strong></span> <span class='ocrx_word' id='word_1_345' title='bbox 2665 1993 2678 1999; x_wconf 83' lang='lat'><strong>&#39;</strong></span> 
     </span>
     <span class='ocr_line' id='line_1_62' title="bbox 1573 2060 2628 2119; baseline -0.009 0"><span class='ocrx_word' id='word_1_346' title='bbox 1573 2068 1722 2119; x_wconf 78' lang='lat' dir='ltr'><strong>initio</strong></span> <span class='ocrx_word' id='word_1_347' title='bbox 1745 2067 1876 2117; x_wconf 84' lang='lat' dir='ltr'><strong>mire</strong></span> <span class='ocrx_word' id='word_1_348' title='bbox 1913 2067 2283 2119; x_wconf 81' lang='lat' dir='ltr'><strong>oblectaretur,</strong></span> <span class='ocrx_word' id='word_1_349' title='bbox 2315 2060 2522 2113; x_wconf 83' lang='lat' dir='ltr'><strong>tandem</strong></span> <span class='ocrx_word' id='word_1_350' title='bbox 2553 2060 2628 2110; x_wconf 84' lang='lat' dir='ltr'><strong>ita</strong></span> 
     </span>
     <span class='ocr_line' id='line_1_63' title="bbox 1574 2136 2630 2208; baseline -0.007 -14"><span class='ocrx_word' id='word_1_351' title='bbox 1574 2150 1759 2208; x_wconf 84' lang='lat' dir='ltr'><strong>captus</strong></span> <span class='ocrx_word' id='word_1_352' title='bbox 1792 2151 1891 2199; x_wconf 88' lang='lat' dir='ltr'><strong>est,</strong></span> <span class='ocrx_word' id='word_1_353' title='bbox 1915 2148 1972 2191; x_wconf 87' lang='lat' dir='ltr'><strong>ut</strong></span> <span class='ocrx_word' id='word_1_354' title='bbox 2002 2140 2154 2191; x_wconf 78' lang='lat' dir='ltr'><strong>tidem</strong></span> <span class='ocrx_word' id='word_1_355' title='bbox 2177 2152 2381 2204; x_wconf 83' lang='lat' dir='ltr'><strong>quoque</strong></span> <span class='ocrx_word' id='word_1_356' title='bbox 2417 2136 2630 2187; x_wconf 77' lang='lat' dir='ltr'><strong>adhibe·</strong></span> 
     </span>
     <span class='ocr_line' id='line_1_64' title="bbox 1574 2211 2628 2281; baseline -0.007 -14"><span class='ocrx_word' id='word_1_357' title='bbox 1574 2227 1674 2276; x_wconf 86' lang='lat' dir='ltr'><strong>ret.</strong></span> <span class='ocrx_word' id='word_1_358' title='bbox 1709 2218 2142 2281; x_wconf 71' lang='lat' dir='ltr'><strong>glorianturque,</strong></span> <span class='ocrx_word' id='word_1_359' title='bbox 2173 2214 2312 2278; x_wconf 83' lang='lat' dir='ltr'><strong>quod</strong></span> <span class='ocrx_word' id='word_1_360' title='bbox 2347 2227 2448 2263; x_wconf 86' lang='lat' dir='ltr'><strong>non</strong></span> <span class='ocrx_word' id='word_1_361' title='bbox 2475 2211 2628 2261; x_wconf 85' lang='lat' dir='ltr'><strong>modo</strong></span> 
     </span>
     <span class='ocr_line' id='line_1_65' title="bbox 1574 2290 2628 2357; baseline -0.007 -14"><span class='ocrx_word' id='word_1_362' title='bbox 1574 2294 1686 2345; x_wconf 85' lang='lat' dir='ltr'><strong>Diis</strong></span> <span class='ocrx_word' id='word_1_363' title='bbox 1705 2295 1912 2357; x_wconf 70' lang='lat' dir='ltr'><strong>genitus</strong></span> <span class='ocrx_word' id='word_1_364' title='bbox 1941 2298 2096 2353; x_wconf 83' lang='lat' dir='ltr'><strong>esset,</strong></span> <span class='ocrx_word' id='word_1_365' title='bbox 2118 2292 2206 2339; x_wconf 84' lang='lat' dir='ltr'><strong>sed</strong></span> <span class='ocrx_word' id='word_1_366' title='bbox 2247 2290 2388 2339; x_wconf 88' lang='lat' dir='ltr'><strong>Deos</strong></span> <span class='ocrx_word' id='word_1_367' title='bbox 2425 2299 2628 2352; x_wconf 75' lang='lat' dir='ltr'><strong>quoque</strong></span> 
     </span>
     <span class='ocr_line' id='line_1_66' title="bbox 1578 2368 2627 2433; baseline -0.005 -15"><span class='ocrx_word' id='word_1_368' title='bbox 1578 2370 1692 2433; x_wconf 81' lang='lat' dir='ltr'><strong>ipse</strong></span> <span class='ocrx_word' id='word_1_369' title='bbox 1714 2368 1930 2419; x_wconf 83' lang='lat' dir='ltr'><strong>faceret.</strong></span> <span class='ocrx_word' id='word_1_370' title='bbox 1982 2368 2100 2419; x_wconf 82' lang='lat' dir='ltr'><strong>Quo</strong></span> <span class='ocrx_word' id='word_1_371' title='bbox 2127 2374 2360 2427; x_wconf 85' lang='lat' dir='ltr'><strong>ternpore</strong></span> <span class='ocrx_word' id='word_1_372' title='bbox 2381 2371 2627 2427; x_wconf 79' lang='lat' dir='ltr'><strong>quantum</strong></span> 
     </span>
     <span class='ocr_line' id='line_1_67' title="bbox 1580 2435 2691 2509; baseline -0.005 -15"><span class='ocrx_word' id='word_1_373' title='bbox 1580 2452 1816 2509; x_wconf 84' lang='lat' dir='ltr'><strong>putamus</strong></span> <span class='ocrx_word' id='word_1_374' title='bbox 1836 2444 2113 2494; x_wconf 85' lang='lat' dir='ltr'><strong>amicorum</strong></span> <span class='ocrx_word' id='word_1_375' title='bbox 2137 2438 2420 2491; x_wconf 73' lang='lat' dir='ltr'><strong>Alexandri</strong></span> <span class='ocrx_word' id='word_1_376' title='bbox 2442 2435 2631 2490; x_wconf 80' lang='lat' dir='ltr'><strong>afflixit</strong></span> <span class='ocrx_word' id='word_1_377' title='bbox 2674 2451 2691 2467; x_wconf 95' lang='lat'><strong>·</strong></span> 
     </span>
     <span class='ocr_line' id='line_1_68' title="bbox 1582 2513 2629 2582; baseline -0.005 -13"><span class='ocrx_word' id='word_1_378' title='bbox 1582 2519 1968 2582; x_wconf 58' lang='lat' dir='ltr'><strong>Hephaestionis</strong></span> <span class='ocrx_word' id='word_1_379' title='bbox 2024 2517 2264 2566; x_wconf 81' lang='lat' dir='ltr'><strong>divinitas</strong></span> <span class='ocrx_word' id='word_1_380' title='bbox 2281 2513 2318 2562; x_wconf 78' lang='lat'><strong>.²&#39;</strong></span> <span class='ocrx_word' id='word_1_381' title='bbox 2403 2515 2629 2578; x_wconf 77' lang='lat' dir='ltr'><strong>snbjicit</strong></span> 
     </span>
     <span class='ocr_line' id='line_1_69' title="bbox 1582 2591 2630 2656; baseline -0.006 -10"><span class='ocrx_word' id='word_1_382' title='bbox 1582 2594 1773 2646; x_wconf 82' lang='lat' dir='ltr'><strong>deinde</strong></span> <span class='ocrx_word' id='word_1_383' title='bbox 1795 2594 1862 2644; x_wconf 84' lang='lat' dir='ltr'><strong>de</strong></span> <span class='ocrx_word' id='word_1_384' title='bbox 1883 2591 2174 2656; x_wconf 73' lang='lat' dir='ltr'><strong>Agathocle</strong></span> <span class='ocrx_word' id='word_1_385' title='bbox 2192 2591 2362 2639; x_wconf 85' lang='lat' dir='ltr'><strong>Samio</strong></span> <span class='ocrx_word' id='word_1_386' title='bbox 2383 2604 2630 2640; x_wconf 82' lang='lat' dir='ltr'><strong>memora·</strong></span> 
     </span>
     <span class='ocr_line' id='line_1_70' title="bbox 1582 2663 2630 2734; baseline -0.007 -12"><span class='ocrx_word' id='word_1_387' title='bbox 1582 2671 1688 2722; x_wconf 81' lang='lat' dir='ltr'><strong>bile</strong></span> <span class='ocrx_word' id='word_1_388' title='bbox 1728 2670 2042 2734; x_wconf 76' lang='lat' dir='ltr'><strong>exemplum,</strong></span> <span class='ocrx_word' id='word_1_389' title='bbox 2076 2667 2144 2716; x_wconf 90' lang='lat' dir='ltr'><strong>ob</strong></span> <span class='ocrx_word' id='word_1_390' title='bbox 2185 2680 2296 2714; x_wconf 86' lang='lat' dir='ltr'><strong>earn</strong></span> <span class='ocrx_word' id='word_1_391' title='bbox 2335 2679 2444 2714; x_wconf 84' lang='lat' dir='ltr'><strong>reru</strong></span> <span class='ocrx_word' id='word_1_392' title='bbox 2481 2663 2630 2715; x_wconf 81' lang='lat' dir='ltr'><strong>valde</strong></span> 
     </span>
     <span class='ocr_line' id='line_1_71' title="bbox 1583 2740 2631 2812; baseline -0.007 -15"><span class='ocrx_word' id='word_1_393' title='bbox 1583 2746 1885 2812; x_wconf 71' lang='lat' dir='ltr'><strong>periclitati.</strong></span> <span class='ocrx_word' id='word_1_394' title='bbox 1949 2742 2196 2794; x_wconf 85' lang='lat' dir='ltr'><strong>Eamdem</strong></span> <span class='ocrx_word' id='word_1_395' title='bbox 2231 2741 2476 2790; x_wconf 86' lang='lat' dir='ltr'><strong>insaniam</strong></span> <span class='ocrx_word' id='word_1_396' title='bbox 2498 2740 2631 2790; x_wconf 79' lang='lat' dir='ltr'><strong>insa·</strong></span> 
     </span>
     <span class='ocr_line' id='line_1_72' title="bbox 1582 2815 2634 2874; baseline -0.008 -1"><span class='ocrx_word' id='word_1_397' title='bbox 1582 2824 1716 2874; x_wconf 77' lang='lat' dir='ltr'><strong>nivit</strong></span> <span class='ocrx_word' id='word_1_398' title='bbox 1742 2823 1794 2872; x_wconf 86' lang='lat' dir='ltr'><strong>in</strong></span> <span class='ocrx_word' id='word_1_399' title='bbox 1830 2821 2058 2872; x_wconf 79' lang='lat' dir='ltr'><strong>Antinoo</strong></span> <span class='ocrx_word' id='word_1_400' title='bbox 2093 2833 2184 2868; x_wconf 91' lang='lat' dir='ltr'><strong>suo</strong></span> <span class='ocrx_word' id='word_1_401' title='bbox 2222 2816 2532 2874; x_wconf 73' lang='lat' dir='ltr'><strong>Hadrianus,</strong></span> <span class='ocrx_word' id='word_1_402' title='bbox 2567 2815 2634 2865; x_wconf 85' lang='lat' dir='ltr'><strong>de</strong></span> 
     </span>
     <span class='ocr_line' id='line_1_73' title="bbox 1582 2890 2630 2964; baseline -0.009 -14"><span class='ocrx_word' id='word_1_403' title='bbox 1582 2913 1686 2964; x_wconf 85' lang='lat' dir='ltr'><strong>quo</strong></span> <span class='ocrx_word' id='word_1_404' title='bbox 1707 2903 1899 2962; x_wconf 73' lang='lat' dir='ltr'><strong>proeter</strong></span> <span class='ocrx_word' id='word_1_405' title='bbox 1919 2895 2044 2946; x_wconf 89' lang='lat' dir='ltr'><strong>alios</strong></span> <span class='ocrx_word' id='word_1_406' title='bbox 2075 2895 2262 2944; x_wconf 82' lang='lat' dir='ltr'><strong>multos</strong></span> <span class='ocrx_word' id='word_1_407' title='bbox 2282 2890 2630 2942; x_wconf 79' lang='lat' dir='ltr'><strong>Theodoretus</strong></span> 
     </span>
     <span class='ocr_line' id='line_1_74' title="bbox 1582 2965 2632 3034; baseline -0.007 -11"><span class='ocrx_word' id='word_1_408' title='bbox 1582 2974 1676 3025; x_wconf 83' lang='lat' dir='ltr'><strong>lib.</strong></span> <span class='ocrx_word' id='word_1_409' title='bbox 1718 2985 1846 3023; x_wconf 80' lang='lat' dir='ltr'><strong>vnn.</strong></span> <span class='ocrx_word' id='word_1_410' title='bbox 1887 2972 1953 3020; x_wconf 84' lang='lat' dir='ltr'><strong>de</strong></span> <span class='ocrx_word' id='word_1_411' title='bbox 1974 2970 2296 3034; x_wconf 75' lang='lat' dir='ltr'><strong>Martyribus</strong></span> <span class='ocrx_word' id='word_1_412' title='bbox 2331 2969 2440 3018; x_wconf 78' lang='lat' dir='ltr'><strong>ita:</strong></span> <span class='ocrx_word' id='word_1_413' title='bbox 2489 2965 2632 3017; x_wconf 82' lang='lat' dir='ltr'><strong>‘Ha-</strong></span> 
     </span>
     <span class='ocr_line' id='line_1_75' title="bbox 1582 3045 2630 3111; baseline -0.008 -9"><span class='ocrx_word' id='word_1_414' title='bbox 1582 3051 1816 3102; x_wconf 81' lang='lat' dir='ltr'><strong>drianum</strong></span> <span class='ocrx_word' id='word_1_415' title='bbox 1855 3049 1990 3111; x_wconf 75' lang='lat' dir='ltr'><strong>Imp.</strong></span> <span class='ocrx_word' id='word_1_416' title='bbox 2027 3048 2177 3097; x_wconf 84' lang='lat' dir='ltr'><strong>Rom.</strong></span> <span class='ocrx_word' id='word_1_417' title='bbox 2211 3045 2384 3095; x_wconf 80' lang='lat' dir='ltr'><strong>ferunt</strong></span> <span class='ocrx_word' id='word_1_418' title='bbox 2418 3058 2630 3107; x_wconf 81' lang='lat' dir='ltr'><strong>puerum</strong></span> 
     </span>
     <span class='ocr_line' id='line_1_76' title="bbox 1584 3120 2634 3182; baseline -0.01 -4"><span class='ocrx_word' id='word_1_419' title='bbox 1584 3125 1868 3178; x_wconf 77' lang='lat' dir='ltr'><strong>Antinoum</strong></span> <span class='ocrx_word' id='word_1_420' title='bbox 1893 3124 1944 3174; x_wconf 91' lang='lat' dir='ltr'><strong>in</strong></span> <span class='ocrx_word' id='word_1_421' title='bbox 1966 3124 2108 3173; x_wconf 88' lang='lat' dir='ltr'><strong>Deos</strong></span> <span class='ocrx_word' id='word_1_422' title='bbox 2134 3120 2391 3181; x_wconf 82' lang='lat' dir='ltr'><strong>retulisse,</strong></span> <span class='ocrx_word' id='word_1_423' title='bbox 2416 3120 2634 3182; x_wconf 82' lang='lat' dir='ltr'><strong>templo·</strong></span> 
     </span>
     <span class='ocr_line' id='line_1_77' title="bbox 1583 3194 2634 3264; baseline -0.006 -14"><span class='ocrx_word' id='word_1_424' title='bbox 1583 3215 1683 3264; x_wconf 81' lang='lat' dir='ltr'><strong>que</strong></span> <span class='ocrx_word' id='word_1_425' title='bbox 1719 3199 1796 3248; x_wconf 90' lang='lat' dir='ltr'><strong>illi</strong></span> <span class='ocrx_word' id='word_1_426' title='bbox 1839 3203 2104 3248; x_wconf 78' lang='lat' dir='ltr'><strong>exstructo</strong></span> <span class='ocrx_word' id='word_1_427' title='bbox 2148 3195 2379 3244; x_wconf 86' lang='lat' dir='ltr'><strong>omnibus</strong></span> <span class='ocrx_word' id='word_1_428' title='bbox 2417 3194 2634 3256; x_wconf 82' lang='lat' dir='ltr'><strong>imperio</strong></span> 
     </span>
     <span class='ocr_line' id='line_1_78' title="bbox 1583 3266 2632 3335; baseline -0.008 -11"><span class='ocrx_word' id='word_1_429' title='bbox 1583 3276 1732 3324; x_wconf 85' lang='lat' dir='ltr'><strong>Rom.</strong></span> <span class='ocrx_word' id='word_1_430' title='bbox 1763 3271 2030 3335; x_wconf 82' lang='lat' dir='ltr'><strong>subjectis,</strong></span> <span class='ocrx_word' id='word_1_431' title='bbox 2053 3279 2112 3318; x_wconf 82' lang='lat' dir='ltr'><strong>ut</strong></span> <span class='ocrx_word' id='word_1_432' title='bbox 2142 3267 2328 3318; x_wconf 85' lang='lat' dir='ltr'><strong>divinis</strong></span> <span class='ocrx_word' id='word_1_433' title='bbox 2356 3266 2632 3316; x_wconf 79' lang='lat' dir='ltr'><strong>honoribus</strong></span> 
     </span>
     <span class='ocr_line' id='line_1_79' title="bbox 1586 3340 2636 3409; baseline -0.009 -13"><span class='ocrx_word' id='word_1_434' title='bbox 1586 3362 1706 3398; x_wconf 83' lang='lat' dir='ltr'><strong>eum</strong></span> <span class='ocrx_word' id='word_1_435' title='bbox 1729 3348 2184 3409; x_wconf 71' lang='lat' dir='ltr'><strong>prosequerentur,</strong></span> <span class='ocrx_word' id='word_1_436' title='bbox 2205 3340 2460 3390; x_wconf 75' lang='lat' dir='ltr'><strong>edixisse-⁹</strong></span> <span class='ocrx_word' id='word_1_437' title='bbox 2513 3340 2636 3388; x_wconf 85' lang='lat' dir='ltr'><strong>Ter·</strong></span> 
     </span>
     <span class='ocr_line' id='line_1_80' title="bbox 1588 3417 2636 3471; baseline -0.007 0"><span class='ocrx_word' id='word_1_438' title='bbox 1588 3422 1781 3471; x_wconf 81' lang='lat' dir='ltr'><strong>tullian.</strong></span> <span class='ocrx_word' id='word_1_439' title='bbox 1799 3419 1893 3469; x_wconf 86' lang='lat' dir='ltr'><strong>lib.</strong></span> <span class='ocrx_word' id='word_1_440' title='bbox 1919 3432 1984 3468; x_wconf 85' lang='grc' dir='ltr'><strong>ιι.</strong></span> <span class='ocrx_word' id='word_1_441' title='bbox 2007 3418 2070 3467; x_wconf 86' lang='lat' dir='ltr'><strong>ad</strong></span> <span class='ocrx_word' id='word_1_442' title='bbox 2097 3417 2361 3471; x_wconf 84' lang='lat' dir='ltr'><strong>Nationes,</strong></span> <span class='ocrx_word' id='word_1_443' title='bbox 2393 3429 2504 3464; x_wconf 83' lang='lat' dir='ltr'><strong>eam</strong></span> <span class='ocrx_word' id='word_1_444' title='bbox 2527 3428 2636 3464; x_wconf 78' lang='lat' dir='ltr'><strong>retu</strong></span> 
     </span>
     <span class='ocr_line' id='line_1_81' title="bbox 1587 3490 2584 3558; baseline -0.008 -10"><span class='ocrx_word' id='word_1_445' title='bbox 1587 3495 1776 3548; x_wconf 81' lang='lat' dir='ltr'><strong>acerbe</strong></span> <span class='ocrx_word' id='word_1_446' title='bbox 1797 3492 2078 3558; x_wconf 79' lang='lat' dir='ltr'><strong>exprobrat</strong></span> <span class='ocrx_word' id='word_1_447' title='bbox 2102 3490 2399 3557; x_wconf 75' lang='lat' dir='ltr'><strong>gentilibus.</strong></span> <span class='ocrx_word' id='word_1_448' title='bbox 2432 3490 2584 3540; x_wconf 72' lang='lat' dir='ltr'><strong>Idem.</strong></span> 
     </span>
     <span class='ocr_line' id='line_1_82' title="bbox 1653 3565 2637 3633; baseline -0.007 -10"><span class='ocrx_word' id='word_1_449' title='bbox 1653 3571 1900 3633; x_wconf 66' lang='lat' dir='ltr'><strong>Insanus]</strong></span> <span class='ocrx_word' id='word_1_450' title='bbox 1933 3569 2084 3622; x_wconf 82' lang='lat' dir='ltr'><strong>Quod</strong></span> <span class='ocrx_word' id='word_1_451' title='bbox 2113 3570 2218 3617; x_wconf 84' lang='lat' dir='ltr'><strong>late</strong></span> <span class='ocrx_word' id='word_1_452' title='bbox 2241 3565 2490 3616; x_wconf 85' lang='lat' dir='ltr'><strong>describit</strong></span> <span class='ocrx_word' id='word_1_453' title='bbox 2513 3566 2637 3616; x_wconf 89' lang='lat' dir='ltr'><strong>Dio·</strong></span> 
     </span>
     <span class='ocr_line' id='line_1_83' title="bbox 1590 3641 2638 3698; baseline -0.004 -2"><span class='ocrx_word' id='word_1_454' title='bbox 1590 3648 1704 3698; x_wconf 86' lang='lat' dir='ltr'><strong>dor.</strong></span> <span class='ocrx_word' id='word_1_455' title='bbox 1725 3660 1868 3698; x_wconf 75' lang='lat' dir='ltr'><strong>xvir.</strong></span> <span class='ocrx_word' id='word_1_456' title='bbox 1890 3649 2002 3695; x_wconf 81' lang='lat'><strong>115.</strong></span> <span class='ocrx_word' id='word_1_457' title='bbox 2028 3643 2114 3692; x_wconf 79' lang='lat' dir='ltr'><strong>ubi</strong></span> <span class='ocrx_word' id='word_1_458' title='bbox 2149 3641 2330 3692; x_wconf 84' lang='lat' dir='ltr'><strong>itidem</strong></span> <span class='ocrx_word' id='word_1_459' title='bbox 2364 3646 2540 3692; x_wconf 83' lang='lat'><strong>12000.</strong></span> <span class='ocrx_word' id='word_1_460' title='bbox 2561 3651 2638 3693; x_wconf 86' lang='lat' dir='ltr'><strong>ta-</strong></span> 
     </span>
     <span class='ocr_line' id='line_1_84' title="bbox 1588 3716 2636 3774; baseline -0.008 0"><span class='ocrx_word' id='word_1_461' title='bbox 1588 3723 1786 3774; x_wconf 81' lang='lat' dir='ltr'><strong>lentum</strong></span> <span class='ocrx_word' id='word_1_462' title='bbox 1829 3719 2124 3771; x_wconf 68' lang='lat' dir='ltr'><strong>constitisse</strong></span> <span class='ocrx_word' id='word_1_463' title='bbox 2170 3716 2408 3774; x_wconf 74' lang='lat' dir='ltr'><strong>traditur,</strong></span> <span class='ocrx_word' id='word_1_464' title='bbox 2452 3718 2636 3767; x_wconf 87' lang='lat' dir='ltr'><strong>adsen-</strong></span> 
     </span>
     <span class='ocr_line' id='line_1_85' title="bbox 1591 3792 2637 3850; baseline -0.01 -1"><span class='ocrx_word' id='word_1_465' title='bbox 1591 3801 1754 3850; x_wconf 85' lang='lat' dir='ltr'><strong>tiente</strong></span> <span class='ocrx_word' id='word_1_466' title='bbox 1777 3796 1986 3849; x_wconf 85' lang='lat' dir='ltr'><strong>Justino</strong></span> <span class='ocrx_word' id='word_1_467' title='bbox 2007 3807 2110 3844; x_wconf 77' lang='lat' dir='ltr'><strong>xn-</strong></span> <span class='ocrx_word' id='word_1_468' title='bbox 2134 3797 2211 3843; x_wconf 84' lang='grc'><strong>12.</strong></span> <span class='ocrx_word' id='word_1_469' title='bbox 2230 3797 2310 3845; x_wconf 82' lang='lat'><strong>12.</strong></span> <span class='ocrx_word' id='word_1_470' title='bbox 2357 3793 2490 3843; x_wconf 74' lang='lat' dir='ltr'><strong>Num</strong></span> <span class='ocrx_word' id='word_1_471' title='bbox 2515 3792 2637 3840; x_wconf 87' lang='lat' dir='ltr'><strong>Plu-</strong></span> 
     </span>
     <span class='ocr_line' id='line_1_86' title="bbox 1591 3867 2638 3936; baseline -0.012 -10"><span class='ocrx_word' id='word_1_472' title='bbox 1591 3874 1758 3926; x_wconf 81' lang='lat' dir='ltr'><strong>tarch.</strong></span> <span class='ocrx_word' id='word_1_473' title='bbox 1783 3886 1899 3936; x_wconf 84' lang='lat' dir='ltr'><strong>cap.</strong></span> <span class='ocrx_word' id='word_1_474' title='bbox 1921 3874 2005 3920; x_wconf 70' lang='grc'><strong>24.</strong></span> <span class='ocrx_word' id='word_1_475' title='bbox 2035 3876 2089 3918; x_wconf 86' lang='lat' dir='ltr'><strong>et</strong></span> <span class='ocrx_word' id='word_1_476' title='bbox 2126 3867 2329 3917; x_wconf 79' lang='lat' dir='ltr'><strong>Arrian.</strong></span> <span class='ocrx_word' id='word_1_477' title='bbox 2351 3879 2450 3915; x_wconf 78' lang='lat' dir='ltr'><strong>vn.</strong></span> <span class='ocrx_word' id='word_1_478' title='bbox 2481 3869 2532 3915; x_wconf 90' lang='grc'><strong>8.</strong></span> <span class='ocrx_word' id='word_1_479' title='bbox 2556 3869 2638 3914; x_wconf 80' lang='lat'><strong>15.</strong></span> 
     </span>
     <span class='ocr_line' id='line_1_87' title="bbox 1590 3941 2638 4010; baseline -0.013 -8"><span class='ocrx_word' id='word_1_480' title='bbox 1590 3949 1894 4002; x_wconf 83' lang='lat' dir='ltr'><strong>rotundiore</strong></span> <span class='ocrx_word' id='word_1_481' title='bbox 1927 3944 2171 4010; x_wconf 71' lang='lat' dir='ltr'><strong>myriadis</strong></span> <span class='ocrx_word' id='word_1_482' title='bbox 2201 3955 2434 4005; x_wconf 87' lang='lat' dir='ltr'><strong>numero,</strong></span> <span class='ocrx_word' id='word_1_483' title='bbox 2454 3941 2638 3990; x_wconf 86' lang='lat' dir='ltr'><strong>decem</strong></span> 
     </span>
     <span class='ocr_line' id='line_1_88' title="bbox 1590 4020 2637 4078; baseline -0.011 0"><span class='ocrx_word' id='word_1_484' title='bbox 1590 4035 1794 4078; x_wconf 84' lang='lat' dir='ltr'><strong>tantum</strong></span> <span class='ocrx_word' id='word_1_485' title='bbox 1837 4023 1997 4074; x_wconf 86' lang='lat' dir='ltr'><strong>millia</strong></span> <span class='ocrx_word' id='word_1_486' title='bbox 2042 4020 2288 4070; x_wconf 83' lang='lat' dir='ltr'><strong>talentum</strong></span> <span class='ocrx_word' id='word_1_487' title='bbox 2331 4023 2637 4066; x_wconf 73' lang='lat' dir='ltr'><strong>numerantz</strong></span> 
     </span>
     <span class='ocr_line' id='line_1_89' title="bbox 1590 4093 2634 4168; baseline -0.01 -15"><span class='ocrx_word' id='word_1_488' title='bbox 1590 4103 1730 4168; x_wconf 81' lang='lat' dir='ltr'><strong>quod</strong></span> <span class='ocrx_word' id='word_1_489' title='bbox 1747 4100 1968 4165; x_wconf 85' lang='lat' dir='ltr'><strong>pretium</strong></span> <span class='ocrx_word' id='word_1_490' title='bbox 1983 4104 2168 4148; x_wconf 82' lang='lat' dir='ltr'><strong>exacte</strong></span> <span class='ocrx_word' id='word_1_491' title='bbox 2185 4093 2634 4158; x_wconf 73' lang='lat' dir='ltr'><strong>supputatoeorg.</strong></span> 
     </span>
     <span class='ocr_line' id='line_1_90' title="bbox 1594 4169 2637 4244; baseline -0.011 -13"><span class='ocrx_word' id='word_1_492' title='bbox 1594 4177 1840 4244; x_wconf 76' lang='lat' dir='ltr'><strong>Agricola</strong></span> <span class='ocrx_word' id='word_1_493' title='bbox 1859 4175 1952 4226; x_wconf 86' lang='lat' dir='ltr'><strong>lib.</strong></span> <span class='ocrx_word' id='word_1_494' title='bbox 1987 4187 2076 4224; x_wconf 88' lang='grc' dir='ltr'><strong>ιιι.</strong></span> <span class='ocrx_word' id='word_1_495' title='bbox 2113 4171 2178 4221; x_wconf 84' lang='lat' dir='ltr'><strong>de</strong></span> <span class='ocrx_word' id='word_1_496' title='bbox 2205 4169 2382 4222; x_wconf 84' lang='lat' dir='ltr'><strong>Pretio</strong></span> <span class='ocrx_word' id='word_1_497' title='bbox 2405 4175 2637 4220; x_wconf 83' lang='lat' dir='ltr'><strong>veterum</strong></span> 
     </span>
    </p>
   </div>
  </div>
 </body>
</html>
