3222 4944
1133 384 1235 431 An
1282 382 1350 442 Q.
1398 380 1660 431 oua'rn
1715 382 1856 429 ma.
1907 382 1952 427 ι.
2453 365 2622 431 1581

432 520 519 579 ria
544 527 727 589 esset,
754 516 905 577 inter
928 516 1267 595 nuptiarum
1298 534 1469 575 sacra
1496 534 1712 592 regem,
1739 532 1873 573 cum
1905 522 2236 590 spectatum
2277 511 2449 572 ludos
2479 515 2607 586 iret,

433 631 507 671 ex
556 612 867 691 improviso
908 610 1224 671 interfecit.
1308 610 1628 669 Consciam
1673 608 1903 669 caedis*¹
1945 609 2356 689 Olympiadem
2404 610 2609 682 fuisse,

431 728 543 767 nec
588 716 884 787 expertem
916 705 1340 775 Alexandrum,
1382 706 1698 765 multorum
1741 705 1999 785 suspicio
2035 714 2180 776 erat,
2219 704 2430 764 exinde
2470 706 2607 765 fidei

432 804 669 882 propior
695 802 845 873 visa,
888 801 1049 879 quod
1095 800 1401 881 parricidae
1442 800 1503 859 in
1540 820 1715 861 cruce
1742 800 2024 878 pendenti
2053 819 2274 860 corona
2301 818 2476 861 aurea
2501 821 2605 861 au-

434 897 661 971 dacius,
688 916 866 976 quam
888 918 911 943 ο
948 916 1055 978 pro
1082 895 1293 975 privati
1322 895 1580 969 fortuna,
1608 896 1883 974 imposita
1909 895 2118 954 fuerat.

1544 981 1556 1007 l

431 1050 615 1091 contra
649 1041 838 1091 Persas
872 1039 1003 1099 fore,
1038 1048 1253 1103 propter
1282 1041 1712 1091 adoles-110⁷.

428 1116 623 1167 centuli
673 1115 997 1165 violationem
1041 1116 1295 1177 castigare
1346 1115 1481 1164 haud
1617 1117 1932 1177 “Audaciam
1951 1130 2108 1179 quum,
2129 1113 2240 1178 qm]
2281 1113 2431 1167 Quod
2457 1129 2607 1167 nemo

428 1190 691 1244 sustinuit.
1550 1190 1681 1239 alius
1700 1190 1908 1247 audere,
1927 1191 2169 1248 uisihaec,
2190 1192 2470 1254 superstite
2491 1192 2609 1241 Phi·

490 1264 515 1299 ἅ
552 1265 793 1315 Conscien-
826 1264 990 1327 coedis]
1040 1264 1177 1314 vide
1219 1263 1481 1314 Justinum
1550 1266 1682 1329 lippi
1700 1264 1825 1328 filio
1851 1266 2119 1331 potuisset.
2183 1267 2272 1317 Ita
2291 1267 2481 1320 Justin.
2501 1269 2536 1319 1.
2556 1283 2603 1318 c.

932 1508 1014 1568 X.
1056 1506 1223 1568 Ultio
1256 1507 1630 1586 Olympiadis
1655 1514 1711 1565 et
1741 1507 2093 1570 Alexandri.

429 1634 787 1697 Ommrns
812 1652 1046 1716 poenam
1076 1633 1151 1694 de
1180 1634 1499 1714 Cleopatra
1530 1646 1816 1709 sumtura,
1834 1649 2098 1715 peremta
2116 1634 2342 1711 sobole,
2359 1650 2606 1701 matrem

427 1731 505 1790 ad
560 1731 989 1811 suspendium⁸
1029 1728 1247 1809 adegit.
1330 1732 1593 1791 Attalum
1653 1732 1825 1790 etiam
1871 1732 2226 1791 avunculum
2267 1732 2468 1812 hujus,
2511 1756 2603 1796 res

425 1846 610 1888 novas
640 1826 701 1884 in
731 1827 871 1885 Asia
898 1826 1255 1899 molientem,
1291 1826 1630 1887 Alexander
1658 1846 1763 1906 per
1792 1826 2141 1886 Hecatoeum
2177 1837 2239 1887 et
2265 1826 2606 1889 Parmenio-

424 1942 559 1981 nem
589 1922 874 1982 sustulit?

488 2071 513 2097 ⁸
534 2063 614 2114 Aa
634 2064 953 2127 suspendium]
986 2064 1181 2115 sustin.
1204 2066 1317 2117 loco
1338 2080 1479 2131 saepe
1613 2065 1637 2099 b
1667 2066 1885 2115 Attalum
1921 2064 2138 2131 sustam]
2201 2065 2462 2118 Diodorus
2500 2068 2604 2119 Sic.

424 2142 517 2192 cit.
1553 2155 1694 2191 xvir.
1717 2157 1834 2205 cap.
1856 2146 1906 2192 2.

845 2382 953 2441 XI.
998 2378 1337 2441 Alexander
1366 2380 1624 2439 Graeeioe
1651 2378 2216 2458 imperator-sactus.

423 2509 656 2570 Gnscr
698 2520 761 2580 et
792 2509 1023 2570 barbari
1070 2508 1145 2567 ad
1192 2527 1355 2586 spem
1395 2507 1680 2566 libertatis
1709 2507 1888 2566 erecti
1916 2525 1952 2565 a
1980 2526 2132 2566 novo
2161 2527 2299 2587 rege
2328 2509 2604 2587 opinione

424 2606 596 2665 citius
638 2606 1065 2684 opprimuntur.
1148 2602 1429 2663 Obsessis
1457 2601 1535 2661 ad
1561 2603 1781 2681 Tempe
1822 2602 2135 2679 angustiis,
2167 2621 2270 2680 per
2297 2602 2455 2661 invia
2483 2602 2602 2661 Os-

428 2719 513 2760 sae
533 2708 558 2734 ²
598 2702 657 2760 in
685 2699 1051 2760 Thessaliam
1086 2697 1311 2776 irrupit,
1354 2707 1417 2756 et
1459 2697 1760 2757 celeritate
1804 2696 2071 2775 perfecit,
2100 2707 2166 2755 ut
2193 2696 2432 2776 Pyliaco
2461 2696 2602 2756 Arn-

418 2796 803 2876 phictyonum
844 2793 1142 2856 conciliob
1181 2794 1243 2852 in
1291 2793 1475 2872 patris
1517 2792 1715 2852 locum
1755 2791 1878 2850 dux
1919 2791 2171 2852 Graecioe
2215 2791 2601 2863 sufficeretur,

394 2891 582 2970 ,quod
611 2891 687 2950 ad
712 2889 1061 2951 Corinthum
1088 2900 1405 2960 conventu,
1430 2906 1552 2967 quo
1576 2907 1680 2948 rex
1709 2907 1746 2947 a
1763 2887 2166 2968 Thermopylis
2189 2888 2429 2960 abierat,
2451 2889 2602 2966 pub-

423 2985 543 3046 lica
568 2971 715 3046 voce
737 2986 1047 3064 repetitum
1085 2985 1219 3056 fuit,
1261 2993 1323 3043 et
1344 2984 1565 3044 auxilia
1592 2993 1802 3044 contra
1829 2981 2044 3042 Persas
2077 2981 2339 3044 decreta.
2425 2979 2601 3043 Forte

420 3083 481 3141 in
511 3084 790 3153 Craneo,e
807 3080 1189 3142 Corinthiaco
1215 3079 1373 3150 luco,
1392 3078 1733 3156 Diogenes<¹
1757 3077 2034 3156 degebat,
2061 3098 2238 3157 quem
2261 3098 2398 3138 cum
2414 3077 2597 3137 Alex-

420 3178 605 3236 ander
630 3186 885 3251 rogaret,
914 3186 982 3234 ut
1009 3175 1254 3244 diceret,
1298 3173 1350 3232 si
1389 3173 1606 3252 quibus
1635 3192 1786 3251 opus
1814 3183 2011 3233 esset:
2053 3175 2144 3232 ‘A
2183 3171 2348 3245 sole,’
2389 3173 2599 3250 inquit,

422 3270 596 3348 fmihi
626 3269 800 3328 velim
828 3287 948 3328 non
986 3269 1190 3326 obstes
1214 3267 1253 3324 :⁹
1294 3268 1579 3346 apricanti
1625 3268 1779 3326 enim
1821 3267 2119 3327 offecerat.
2204 3267 2388 3345 Cujus
2417 3269 2602 3328 conti·

484 3415 632 3465 Ῥη
650 3413 781 3464 invia
802 3411 961 3474 Ossa]
990 3411 1268 3475 Polymnus
1288 3411 1378 3461 lib.
1394 3425 1475 3462 ιν.
1544 3415 1717 3460 natur.
1753 3408 1840 3459 Ita
1857 3405 2065 3459 suidas.

417 3491 731 3554 stratagem.
762 3487 939 3544 tradit,
960 3485 1185 3536 suffossis
1213 3485 1395 3550 petris,
1416 3495 1473 3536 et
1605 3484 1726 3534 In
1766 3482 1970 3545 ormo]
2016 3481 2300 3534 Pausanias
2333 3482 2384 3532 in
2419 3483 2600 3536 Corin-

420 3565 617 3617 effectis
655 3562 901 3629 gradibus
936 3564 987 3612 in
1013 3562 1199 3626 jugum
1232 3563 1473 3612 evasisse.
1544 3559 1729 3609 thiacis
1752 3567 1870 3623 post
1893 3557 2230 3622 principium.
2267 3557 2366 3620 Πρὸ
2397 3559 2484 3616 τῆς
2509 3557 2596 3608 πό-

418 3633 647 3691 Thessali
666 3647 839 3691 autem
864 3639 1125 3703 angustias
1141 3637 1472 3703 obsederant,
1540 3643 1660 3684 λεως
1691 3633 1989 3699 κυπαρίσσων
2022 3633 2156 3683 ἐστὶν
2181 3633 2348 3696 ἄλσος,
2371 3632 2598 3698 ὀνομαζό-

422 3715 487 3764 ad
510 3713 782 3765 transitum
802 3713 1191 3778 prohibendum.
1538 3725 1684 3771 μενον
1723 3708 1964 3774 Κράνειον,
2011 3710 2110 3760 hoc
2150 3715 2252 3770 est,
2291 3709 2598 3760 Suburbanus

482 3790 507 3823 b
548 3791 749 3854 Pyliaeo
806 3789 1199 3853 Amphictyonum
1253 3789 1472 3853 concilio]
1539 3801 1862 3849 cupressum
1893 3787 2043 3849 lucus,
2085 3786 2164 3834 cui
2205 3787 2388 3836 Cranen
2428 3801 2596 3836 nomeu

422 3861 703 3916 Commune
726 3865 943 3915 Graeciae
968 3861 1237 3912 concilium
1272 3879 1303 3912 a
1322 3865 1469 3927 Pylis
1540 3870 1629 3913 est.

420 3941 907 4006 sive'l'hermopylis,
920 3939 1009 3989 uhi
1022 3937 1324 4000 habebatur,
1340 3938 1471 4002 Ῥγο
1606 3939 1632 3974 ⁴¹
1657 3939 1920 4003 Diogenes]
1950 3939 2152 3990 Passim
2174 3941 2435 4003 leguntur,
2455 3938 2592 4000 apud

418 4017 605 4066 liscum
626 4015 659 4075 ;’
691 4017 758 4066 ab
780 4015 1174 4080 Amphictyone,
1200 4013 1469 4063 Deucalio-
1542 4014 1658 4067 Cic.
1677 4017 1829 4068 Tusc-
1851 4030 1903 4067 v.
1925 4031 2043 4082 cap.
2057 4019 2138 4067 82.
2155 4015 2430 4066 val-Max.
2451 4029 2526 4064 ιν.
2576 4051 2589 4064 .

420 4093 499 4141 nis
538 4091 665 4154 filio,
702 4090 973 4141 duodecim
1007 4087 1231 4139 Gracia
1256 4090 1471 4152 populos
1542 4100 1676 4142 extr.

420 4167 474 4216 in
498 4181 653 4219 unum
676 4174 917 4231 cogente,
940 4163 1288 4226 Ἀμφικτυόνων
1314 4165 1473 4215 nomi·
