3222 4944
615 928 1433 1065 CATALOGUS
1527 930 2423 1025 SCRIPTORUM

1221 1162 1791 1243 HISTORIAE

649 1418 658 1427 ·
759 1366 1645 1474 ALEXANDRI
1746 1364 2274 1473 MAGNI.

520 1627 600 1667 Ex
626 1626 880 1668 somnus
906 1628 1298 1671 FREmsnzun
1327 1628 1785 1671 COMMENTARHS
1812 1628 1879 1669 11⁴1
1908 1622 2122 1669 mutos
2146 1624 2529 1669 811?me

677 1718 732 1763 Q·
755 1718 968 1761 cvn'ru
993 1720 1072 1761 DE
1091 1720 1286 1764 unus
1309 1720 1506 1763 Gsss‘rrs
1525 1720 1889 1763 Annalium
1914 1720 2135 1769 amem,
2160 1716 2291 1763 OAP.
2314 1722 2359 1761 4.

827 2054 934 2122 [Ex
955 2056 1046 2106 Ed.
1065 2058 1400 2122 snakenburg-
1419 2057 1610 2123 Delph.
1631 2064 1684 2107 et
1704 2055 1861 2123 Lugd-
1882 2056 2001 2111 But.
2024 2056 2203 2123 1⁷240]

419 2226 764 2309 Quorsum
823 2254 896 2296 ex
943 2236 1259 2297 collatione
1305 2236 1673 2317 Scriptorum
1730 2238 1990 2297 maxima
2034 2237 2157 2297 fere
2210 2234 2317 2295 lux
2370 2233 2623 2315 affulget

417 2330 698 2404 historiae,
722 2331 974 2412 pretium
989 2351 1193 2412 ,operoe
1221 2334 1345 2393 fore
1371 2332 1673 2406 duximus,
1696 2352 2039 2393 enumerare
2067 2341 2130 2393 et
2154 2330 2304 2393 alios
2327 2339 2621 2412 quotquot

419 2448 512 2489 res
542 2438 746 2509 gestas
775 2427 1102 2490 Alexandri
1125 2436 1574 2510 pertexuerunt.
1658 2428 1751 2489 Ex
1791 2428 2009 2509 quibus
2037 2428 2141 2510 qui
2170 2428 2368 2492 adhuc
2404 2426 2625 2508 legun-

417 2535 536 2602 tur,
592 2544 795 2587 eorum
851 2526 1018 2589 nuda
1071 2527 1316 2588 nomina
1377 2545 1679 2606 apponere
1722 2525 1981 2601 suffecit,
2035 2525 2288 2587 aliorum
2360 2534 2625 2597 aetatem‚

417 2621 661 2703 scripta,
699 2621 978 2703 patriam,
1015 2633 1308 2705 quantum
1334 2621 1394 2682 in
1422 2621 1540 2683 hac
1565 2622 1855 2683 brevitate
1880 2621 2101 2704 potuit,
2129 2619 2450 2702 diligenter
2475 2639 2621 2682 eno·

417 2717 698 2780 tavimus.

491 2811 859 2896 Gatalogum
886 2835 1126 2896 quoque
1155 2815 1523 2898 Scriptorum
1564 2813 1850 2875 Histoi-'ise
1873 2809 2201 2876 Alexandri
2228 2809 2442 2894 Magni
2472 2829 2625 2873 con·

413 2921 685 2973 texuerat
709 2913 852 2974 Joh.
883 2911 1236 2986 Loccenius,
1260 2911 1370 2974 sed
1414 2911 1689 2993 gaudens
1726 2930 1858 2972 eam
1886 2919 2130 2991 operam
2158 2929 2195 2971 a
2224 2907 2370 2970 Viro
2396 2927 2619 2989 magno

418 3015 484 3066 et
507 3007 908 3068 eruditissimo
937 3007 1080 3070 Ger.
1107 3009 1252 3072 Joh.
1280 3008 1500 3070 Vossio
1530 3027 1579 3069 1.
1611 3011 1712 3070 10.
1740 3017 1801 3070 et
1828 3011 1929 3069 24.
1960 3006 2037 3068 de
2066 3005 2229 3068 Hist.
2258 3007 2457 3068 Graec.
2488 3025 2624 3066 esse

419 3113 799 3183 occupatam,
827 3123 962 3164 eum
1001 3104 1222 3177 omisit,
1248 3115 1320 3164 ut
1361 3105 1490 3184 ipse
1518 3105 1593 3166 de
1640 3125 1705 3166 se
1749 3104 1955 3165 scribit
1996 3104 2077 3164 ad
2122 3105 2411 3164 Nostrum
2435 3123 2536 3163 1x.
2567 3105 2629 3164 5.

418 3197 522 3259 21.
551 3199 668 3258 His
691 3199 972 3278 quaedam
999 3199 1142 3261 addi
1165 3208 1422 3280 possunt
1447 3219 1522 3262 ex
1545 3199 1811 3260 Reinesii
1836 3197 2092 3280 Epistol.
2119 3197 2199 3258 ad
2220 3197 2626 3259 Hofmannum

423 3308 486 3372 p.
506 3295 647 3354 311.

505 3387 748 3449 Monuit
761 3398 965 3450 tamen
989 3388 1066 3450 de
1093 3387 1189 3450 his
1215 3387 1667 3469 Prolegomenis
1698 3389 1823 3452 suis
1850 3389 1981 3468 ipse
2008 3384 2390 3448 doctissimus
2418 3385 2630 3448 Frein-

425 3483 710 3559 shemius,
729 3484 894 3565 quod
921 3483 1036 3548 hoc
1063 3485 1202 3549 loco
1229 3485 1445 3547 referre
1473 3471 1673 3567 operae
1694 3485 1953 3568 pretium
1975 3483 2255 3546 duximus
2276 3504 2351 3546 ex
2370 3483 2532 3546 notis
2554 3481 2636 3544 ad

420 3598 492 3644 x.
519 3584 582 3646 9.
613 3585 672 3646 3.
695 3581 1000 3662 Rutgersii
1025 3583 1382 3658 sententiam
1410 3583 1488 3646 de
1515 3593 1695 3646 aetate
1725 3583 1915 3644 Curtii
1944 3589 1965 3619 ‘
1989 3581 2270 3644 Auctoris
2298 3579 2488 3642 verbis
2512 3599 2629 3662 ap·

421 3679 609 3759 prime
637 3681 954 3741 convenire
998 3681 1264 3742 ostendit
1303 3679 1699 3743 clarissimum
1736 3680 2035 3742 literarum
2075 3678 2279 3740 lumen
2308 3678 2637 3759 Ger.2v0s·

425 3775 574 3848 sius,
599 3777 661 3836 in
689 3775 900 3837 eximio
926 3775 1029 3837 illo
1050 3797 1228 3858 opere
1257 3775 1334 3839 de
1365 3777 1686 3840 Historicis
1714 3777 1945 3838 Groecis
1985 3786 2048 3838 et
2076 3775 2324 3849 Latinis,
2350 3775 2548 3837 Latin.
2580 3793 2634 3838 ι.

425 3873 526 3931 28.
555 3870 719 3951 quod
764 3874 817 3934 si
863 3873 1169 3954 aliquanto
1193 3877 1481 3938 maturius
1513 3875 1765 3956 adipisci
1790 3875 2087 3949 licuisset,
2112 3874 2175 3935 in
2205 3874 2397 3935 tribus
2424 3871 2636 3953 priori-

419 3955 537 4027 bus
564 3967 804 4049 Proleg.
833 3989 1010 4050 capp.
1053 3971 1379 4033 admodum
1415 3972 1637 4051 juvari,
1684 3973 1743 4032 in
1786 3992 1859 4034 eo
1908 3973 2089 4033 etiam
2125 3971 2202 4032 de
2245 3968 2631 4049 scriptoribus

426 4063 711 4124 Historioe
758 4065 1202 4140 Alexandrinae,
1230 4068 1390 4128 omni
1433 4067 1557 4129 fere
1603 4087 1749 4129 cura
1774 4067 1957 4130 levari
2000 4077 2270 4149 poteram
2294 4087 2312 4128 ε
2356 4085 2493 4127 nam
2551 4064 2629 4128 de

421 4161 543 4223 illis
588 4179 826 4244 quoque
872 4162 1321 4246 diligentissime
1365 4165 1711 4245 inquisitum
1756 4177 1870 4240 est,
1913 4165 2004 4258 de,
2040 4165 2200 4227 Hist.
2230 4163 2430 4226 Graec.
2459 4181 2508 4226 ι.
2535 4165 2631 4228 10.

432 4267 494 4320 et
521 4261 645 4322 24!
