<?xml version="1.0" encoding="UTF-8"?>
<!DOCTYPE html PUBLIC "-//W3C//DTD XHTML 1.0 Transitional//EN"
    "http://www.w3.org/TR/xhtml1/DTD/xhtml1-transitional.dtd">
<html xmlns="http://www.w3.org/1999/xhtml" xml:lang="en" lang="en">
 <head>
  <title>
</title>
<meta http-equiv="Content-Type" content="text/html;charset=utf-8" />
  <meta name='ocr-system' content='tesseract 3.04.00' />
  <meta name='ocr-capabilities' content='ocr_page ocr_carea ocr_par ocr_line ocrx_word'/>
</head>
<body>
  <div class='ocr_page' id='page_1' title='image "./quinticurtiiruf04rufugoog_0362.png"; bbox 0 0 3222 4944; ppageno 0'>
   <div class='ocr_carea' id='block_1_1' title="bbox 574 356 2126 437">
    <p class='ocr_par' dir='ltr' id='par_1_1' title="bbox 574 356 2126 437">
     <span class='ocr_line' id='line_1_1' title="bbox 574 356 2126 437; baseline 0.002 -8"><span class='ocrx_word' id='word_1_1' title='bbox 574 356 751 431; x_wconf 70' lang='lat'>16⁰0</span> <span class='ocrx_word' id='word_1_2' title='bbox 1247 366 1639 431; x_wconf 62' lang='lat' dir='ltr'>ascensus</span> <span class='ocrx_word' id='word_1_3' title='bbox 1661 376 2126 437; x_wconf 69' lang='lat' dir='ltr'>··13‚n1·riouuu</span> 
     </span>
    </p>
   </div>
   <div class='ocr_carea' id='block_1_2' title="bbox 582 520 2878 1105">
    <p class='ocr_par' dir='ltr' id='par_1_2' title="bbox 582 520 2878 1105">
     <span class='ocr_line' id='line_1_2' title="bbox 584 520 2796 624; baseline 0.002 -25"><span class='ocrx_word' id='word_1_4' title='bbox 584 544 606 577; x_wconf 81' lang='lat'><strong><em>⁴</em></strong></span> <span class='ocrx_word' id='word_1_5' title='bbox 626 548 797 619; x_wconf 73' lang='lat' dir='ltr'>‘quc,·</span> <span class='ocrx_word' id='word_1_6' title='bbox 813 529 1183 601; x_wconf 83' lang='lat' dir='ltr'>contractam</span> <span class='ocrx_word' id='word_1_7' title='bbox 1212 538 1435 616; x_wconf 85' lang='lat' dir='ltr'>(nobis)</span> <span class='ocrx_word' id='word_1_8' title='bbox 1464 538 1595 600; x_wconf 87' lang='lat' dir='ltr'>aliis</span> <span class='ocrx_word' id='word_1_9' title='bbox 1626 538 1860 613; x_wconf 83' lang='lat' dir='ltr'>studiis,</span> <span class='ocrx_word' id='word_1_10' title='bbox 1903 536 2184 619; x_wconf 83' lang='lat' dir='ltr'>orationis</span> <span class='ocrx_word' id='word_1_11' title='bbox 2214 538 2308 619; x_wconf 84' lang='lat' dir='ltr'>vel</span> <span class='ocrx_word' id='word_1_12' title='bbox 2337 520 2674 603; x_wconf 75' lang='lat' dir='ltr'>scabritiem</span> <span class='ocrx_word' id='word_1_13' title='bbox 2689 542 2796 624; x_wconf 65' lang='lat' dir='ltr'>‘vel</span> 
     </span>
     <span class='ocr_line' id='line_1_3' title="bbox 584 634 2798 719; baseline 0.002 -24"><span class='ocrx_word' id='word_1_14' title='bbox 584 634 852 716; x_wconf 88' lang='lat' dir='ltr'>inopiam</span> <span class='ocrx_word' id='word_1_15' title='bbox 878 634 1099 715; x_wconf 78' lang='lat' dir='ltr'>‘aliqua</span> <span class='ocrx_word' id='word_1_16' title='bbox 1135 654 1211 697; x_wconf 83' lang='lat' dir='ltr'>ex</span> <span class='ocrx_word' id='word_1_17' title='bbox 1236 645 1404 717; x_wconf 82' lang='lat' dir='ltr'>parte</span> <span class='ocrx_word' id='word_1_18' title='bbox 1429 634 1880 716; x_wconf 79' lang='lat' dir='ltr'>corrigeremus,</span> <span class='ocrx_word' id='word_1_19' title='bbox 1923 636 2064 697; x_wconf 85' lang='lat' dir='ltr'>dum</span> <span class='ocrx_word' id='word_1_20' title='bbox 2083 637 2372 719; x_wconf 62' lang='lat' dir='ltr'>‘proximo</span> <span class='ocrx_word' id='word_1_21' title='bbox 2398 655 2534 699; x_wconf 78' lang='lat' dir='ltr'>vere</span> <span class='ocrx_word' id='word_1_22' title='bbox 2561 634 2798 719; x_wconf 46' lang='lat' dir='ltr'>Britan?</span> 
     </span>
     <span class='ocr_line' id='line_1_4' title="bbox 582 730 2798 819; baseline 0.001 -28"><span class='ocrx_word' id='word_1_23' title='bbox 582 732 749 815; x_wconf 26' lang='lat' dir='ltr'>niam·</span> <span class='ocrx_word' id='word_1_24' title='bbox 774 731 1020 819; x_wconf 82' lang='lat' dir='ltr'>adirem,</span> <span class='ocrx_word' id='word_1_25' title='bbox 1048 732 1126 801; x_wconf 86' lang='lat' dir='ltr'>Q.</span> <span class='ocrx_word' id='word_1_26' title='bbox 1158 730 1685 794; x_wconf 77' lang='lat' dir='ltr'>Curtiumitineris</span> <span class='ocrx_word' id='word_1_27' title='bbox 1713 742 1777 793; x_wconf 90' lang='lat' dir='ltr'>et</span> <span class='ocrx_word' id='word_1_28' title='bbox 1801 732 2197 813; x_wconf 82' lang='lat' dir='ltr'>navigationis</span> <span class='ocrx_word' id='word_1_29' title='bbox 2225 734 2498 795; x_wconf 83' lang='lat' dir='ltr'>comitem</span> <span class='ocrx_word' id='word_1_30' title='bbox 2527 732 2798 815; x_wconf 72' lang='lat' dir='ltr'>adjunxi,</span> 
     </span>
     <span class='ocr_line' id='line_1_5' title="bbox 584 828 2796 909; baseline 0.001 -20"><span class='ocrx_word' id='word_1_31' title='bbox 584 828 697 909; x_wconf 84' lang='lat' dir='ltr'>qui&#39;</span> <span class='ocrx_word' id='word_1_32' title='bbox 709 828 848 888; x_wconf 90' lang='lat' dir='ltr'>mihi</span> <span class='ocrx_word' id='word_1_33' title='bbox 878 828 1017 890; x_wconf 91' lang='lat' dir='ltr'>olim</span> <span class='ocrx_word' id='word_1_34' title='bbox 1042 847 1228 909; x_wconf 88' lang='lat' dir='ltr'>puero</span> <span class='ocrx_word' id='word_1_35' title='bbox 1256 828 1472 903; x_wconf 89' lang='lat' dir='ltr'>lectus,</span> <span class='ocrx_word' id='word_1_36' title='bbox 1498 828 1967 889; x_wconf 65' lang='lat' dir='ltr'>mire&#39;candidus</span> <span class='ocrx_word' id='word_1_37' title='bbox 1996 849 2069 890; x_wconf 90' lang='lat' dir='ltr'>ac</span> <span class='ocrx_word' id='word_1_38' title='bbox 2095 840 2290 891; x_wconf 88' lang='lat' dir='ltr'>tersus</span> <span class='ocrx_word' id='word_1_39' title='bbox 2322 830 2631 904; x_wconf 78' lang='lat' dir='ltr'>est&#39;visus,</span> <span class='ocrx_word' id='word_1_40' title='bbox 2679 840 2796 891; x_wconf 75' lang='lat' dir='ltr'>nec</span> 
     </span>
     <span class='ocr_line' id='line_1_6' title="bbox 582 923 2878 1005; baseline 0.001 -20"><span class='ocrx_word' id='word_1_41' title='bbox 582 923 919 987; x_wconf 84' lang='lat' dir='ltr'>alius&#39;sane</span> <span class='ocrx_word' id='word_1_42' title='bbox 944 925 1111 988; x_wconf 77' lang='lat' dir='ltr'>visus</span> <span class='ocrx_word' id='word_1_43' title='bbox 1134 936 1227 987; x_wconf 89' lang='lat' dir='ltr'>est</span> <span class='ocrx_word' id='word_1_44' title='bbox 1254 946 1330 986; x_wconf 85' lang='lat' dir='ltr'>ex</span> <span class='ocrx_word' id='word_1_45' title='bbox 1358 936 1529 985; x_wconf 87' lang='lat' dir='ltr'>tanto</span> <span class='ocrx_word' id='word_1_46' title='bbox 1558 923 1900 1005; x_wconf 85' lang='lat' dir='ltr'>regustatus</span> <span class='ocrx_word' id='word_1_47' title='bbox 1943 925 2275 987; x_wconf 81' lang='lat' dir='ltr'>intervallo.</span> <span class='ocrx_word' id='word_1_48' title='bbox 2357 926 2544 987; x_wconf 79' lang='lat' dir='ltr'>Dolet</span> <span class='ocrx_word' id='word_1_49' title='bbox 2581 925 2796 987; x_wconf 77' lang='lat' dir='ltr'>autho.</span> <span class='ocrx_word' id='word_1_50' title='bbox 2860 964 2878 979; x_wconf 88' lang='lat'><strong>·</strong></span> 
     </span>
     <span class='ocr_line' id='line_1_7' title="bbox 582 1020 2792 1105; baseline -0.001 -21"><span class='ocrx_word' id='word_1_51' title='bbox 582 1042 706 1084; x_wconf 89' lang='lat' dir='ltr'>rem</span> <span class='ocrx_word' id='word_1_52' title='bbox 732 1022 894 1084; x_wconf 88' lang='lat' dir='ltr'>lectu</span> <span class='ocrx_word' id='word_1_53' title='bbox 922 1022 1337 1103; x_wconf 88' lang='lat' dir='ltr'>dignissimum</span> <span class='ocrx_word' id='word_1_54' title='bbox 1365 1026 1654 1103; x_wconf 77' lang='grc' dir='ltr'>ἀκέφαλον</span> <span class='ocrx_word' id='word_1_55' title='bbox 1680 1022 1849 1083; x_wconf 90' lang='lat' dir='ltr'>nobis</span> <span class='ocrx_word' id='word_1_56' title='bbox 1879 1042 2214 1105; x_wconf 76' lang='lat' dir='ltr'>superesse,</span> <span class='ocrx_word' id='word_1_57' title='bbox 2253 1022 2526 1105; x_wconf 85' lang='lat' dir='ltr'>nimirum</span> <span class='ocrx_word' id='word_1_58' title='bbox 2555 1020 2792 1083; x_wconf 83' lang='lat' dir='ltr'>duobus</span> 
     </span>
    </p>
   </div>
   <div class='ocr_carea' id='block_1_3' title="bbox 539 1126 2798 4204">
    <p class='ocr_par' dir='ltr' id='par_1_3' title="bbox 539 1126 2798 4204">
     <span class='ocr_line' id='line_1_8' title="bbox 578 1126 2794 1208; baseline -0 -22"><span class='ocrx_word' id='word_1_59' title='bbox 578 1126 933 1208; x_wconf 88' lang='lat' dir='ltr'>primoribus</span> <span class='ocrx_word' id='word_1_60' title='bbox 978 1126 1139 1187; x_wconf 88' lang='lat' dir='ltr'>libris</span> <span class='ocrx_word' id='word_1_61' title='bbox 1168 1126 1513 1207; x_wconf 78' lang='lat' dir='ltr'><strong>amputatis,</strong></span> <span class='ocrx_word' id='word_1_62' title='bbox 1560 1126 1772 1187; x_wconf 89' lang='lat' dir='ltr'>ultimo</span> <span class='ocrx_word' id='word_1_63' title='bbox 1810 1126 2081 1208; x_wconf 89' lang='lat' dir='ltr'>pluribus</span> <span class='ocrx_word' id='word_1_64' title='bbox 2111 1128 2173 1188; x_wconf 88' lang='lat' dir='ltr'>in</span> <span class='ocrx_word' id='word_1_65' title='bbox 2198 1126 2347 1187; x_wconf 88' lang='lat' dir='ltr'>locis</span> <span class='ocrx_word' id='word_1_66' title='bbox 2377 1138 2589 1200; x_wconf 82' lang='lat' dir='ltr'>trunco</span> <span class='ocrx_word' id='word_1_67' title='bbox 2611 1126 2794 1187; x_wconf 85' lang='lat' dir='ltr'>muti·</span> 
     </span>
     <span class='ocr_line' id='line_1_9' title="bbox 579 1220 2794 1303; baseline -0.001 -20"><span class='ocrx_word' id='word_1_68' title='bbox 579 1224 785 1303; x_wconf 88' lang='lat' dir='ltr'>loque.</span> <span class='ocrx_word' id='word_1_69' title='bbox 847 1220 1111 1285; x_wconf 85' lang='lat' dir='ltr'>Risimus</span> <span class='ocrx_word' id='word_1_70' title='bbox 1133 1223 1361 1285; x_wconf 88' lang='lat' dir='ltr'>interea</span> <span class='ocrx_word' id='word_1_71' title='bbox 1389 1222 1729 1284; x_wconf 82' lang='lat' dir='ltr'>Graeculam</span> <span class='ocrx_word' id='word_1_72' title='bbox 1759 1222 1819 1283; x_wconf 90' lang='lat' dir='ltr'>in</span> <span class='ocrx_word' id='word_1_73' title='bbox 1845 1223 2097 1285; x_wconf 86' lang='lat' dir='ltr'>historia</span> <span class='ocrx_word' id='word_1_74' title='bbox 2119 1224 2466 1296; x_wconf 78' lang='lat' dir='ltr'>vanitatem,</span> <span class='ocrx_word' id='word_1_75' title='bbox 2494 1234 2794 1302; x_wconf 54' lang='lat' dir='ltr'>quamtis*</span> 
     </span>
     <span class='ocr_line' id='line_1_10' title="bbox 580 1318 2792 1402; baseline 0 -22"><span class='ocrx_word' id='word_1_76' title='bbox 580 1336 718 1381; x_wconf 87' lang='lat' dir='ltr'>men</span> <span class='ocrx_word' id='word_1_77' title='bbox 746 1320 824 1391; x_wconf 85' lang='lat' dir='ltr'>Q.</span> <span class='ocrx_word' id='word_1_78' title='bbox 857 1320 1100 1381; x_wconf 88' lang='lat' dir='ltr'>Curtius</span> <span class='ocrx_word' id='word_1_79' title='bbox 1129 1319 1383 1381; x_wconf 75' lang='lat' dir='ltr'>subinde</span> <span class='ocrx_word' id='word_1_80' title='bbox 1402 1330 1769 1402; x_wconf 76' lang='lat' dir='ltr'>temperasse</span> <span class='ocrx_word' id='word_1_81' title='bbox 1794 1318 2050 1384; x_wconf 78' lang='lat' dir='ltr'>videtur.</span> <span class='ocrx_word' id='word_1_82' title='bbox 2133 1320 2213 1381; x_wconf 90' lang='lat' dir='ltr'>Et</span> <span class='ocrx_word' id='word_1_83' title='bbox 2255 1332 2453 1381; x_wconf 89' lang='lat' dir='ltr'>tamen</span> <span class='ocrx_word' id='word_1_84' title='bbox 2495 1338 2632 1379; x_wconf 89' lang='lat' dir='ltr'>cum</span> <span class='ocrx_word' id='word_1_85' title='bbox 2670 1318 2792 1381; x_wconf 77' lang='lat' dir='ltr'>hue</span> 
     </span>
     <span class='ocr_line' id='line_1_11' title="bbox 579 1414 2792 1499; baseline -0.001 -22"><span class='ocrx_word' id='word_1_86' title='bbox 579 1416 810 1478; x_wconf 81' lang='lat' dir='ltr'>omneis</span> <span class='ocrx_word' id='word_1_87' title='bbox 853 1418 1079 1499; x_wconf 87' lang='lat' dir='ltr'>ingenii</span> <span class='ocrx_word' id='word_1_88' title='bbox 1127 1418 1221 1479; x_wconf 90' lang='lat' dir='ltr'>sui</span> <span class='ocrx_word' id='word_1_89' title='bbox 1266 1435 1481 1479; x_wconf 81' lang='lat' dir='ltr'>nervos</span> <span class='ocrx_word' id='word_1_90' title='bbox 1531 1416 1931 1491; x_wconf 81' lang='lat' dir='ltr'>intenderent,</span> <span class='ocrx_word' id='word_1_91' title='bbox 1979 1426 2050 1477; x_wconf 88' lang='lat' dir='ltr'>nt</span> <span class='ocrx_word' id='word_1_92' title='bbox 2093 1416 2371 1477; x_wconf 83' lang='lat' dir='ltr'>eximium</span> <span class='ocrx_word' id='word_1_93' title='bbox 2397 1414 2698 1496; x_wconf 79' lang='lat' dir='ltr'>quendam</span> <span class='ocrx_word' id='word_1_94' title='bbox 2726 1424 2792 1475; x_wconf 89' lang='lat' dir='ltr'>et</span> 
     </span>
     <span class='ocr_line' id='line_1_12' title="bbox 576 1510 2787 1597; baseline 0 -25"><span class='ocrx_word' id='word_1_95' title='bbox 576 1510 987 1577; x_wconf 77' lang='lat' dir='ltr'>inimitabilem</span> <span class='ocrx_word' id='word_1_96' title='bbox 1014 1514 1340 1596; x_wconf 86' lang='lat' dir='ltr'>principem</span> <span class='ocrx_word' id='word_1_97' title='bbox 1369 1512 1781 1597; x_wconf 81' lang='lat' dir='ltr'>depingerent,</span> <span class='ocrx_word' id='word_1_98' title='bbox 1809 1512 1954 1594; x_wconf 91' lang='lat' dir='ltr'>quid</span> <span class='ocrx_word' id='word_1_99' title='bbox 1984 1512 2147 1575; x_wconf 89' lang='lat' dir='ltr'>aliud</span> <span class='ocrx_word' id='word_1_100' title='bbox 2175 1513 2369 1586; x_wconf 87' lang='lat' dir='ltr'>nobis,</span> <span class='ocrx_word' id='word_1_101' title='bbox 2397 1530 2578 1592; x_wconf 78' lang='lat' dir='ltr'>quam</span> <span class='ocrx_word' id='word_1_102' title='bbox 2605 1512 2787 1573; x_wconf 86' lang='lat' dir='ltr'>toties</span> 
     </span>
     <span class='ocr_line' id='line_1_13' title="bbox 577 1606 2798 1693; baseline 0 -24"><span class='ocrx_word' id='word_1_103' title='bbox 577 1608 887 1687; x_wconf 77' lang='lat' dir='ltr'>furiosum,</span> <span class='ocrx_word' id='word_1_104' title='bbox 929 1609 1036 1673; x_wconf 87' lang='lat' dir='ltr'>sed</span> <span class='ocrx_word' id='word_1_105' title='bbox 1068 1611 1284 1693; x_wconf 87' lang='lat' dir='ltr'>ubique</span> <span class='ocrx_word' id='word_1_106' title='bbox 1308 1609 1545 1672; x_wconf 82' lang='lat' dir='ltr'>felicem</span> <span class='ocrx_word' id='word_1_107' title='bbox 1573 1610 1733 1671; x_wconf 82' lang='lat' dir='ltr'>orbis</span> <span class='ocrx_word' id='word_1_108' title='bbox 1762 1610 2102 1692; x_wconf 58' lang='lat' dir='ltr'>praedonem</span> <span class='ocrx_word' id='word_1_109' title='bbox 2132 1606 2621 1689; x_wconf 67' lang='lat' dir='ltr'>descripserunt?</span> <span class='ocrx_word' id='word_1_110' title='bbox 2663 1608 2798 1669; x_wconf 85' lang='lat' dir='ltr'>Ne-.</span> 
     </span>
     <span class='ocr_line' id='line_1_14' title="bbox 576 1706 2790 1788; baseline -0 -21"><span class='ocrx_word' id='word_1_111' title='bbox 576 1726 695 1786; x_wconf 88' lang='lat' dir='ltr'>que</span> <span class='ocrx_word' id='word_1_112' title='bbox 739 1708 898 1767; x_wconf 88' lang='lat' dir='ltr'>enim</span> <span class='ocrx_word' id='word_1_113' title='bbox 924 1707 1027 1770; x_wconf 90' lang='lat' dir='ltr'>ille</span> <span class='ocrx_word' id='word_1_114' title='bbox 1072 1706 1465 1788; x_wconf 86' lang='lat' dir='ltr'>periculosius</span> <span class='ocrx_word' id='word_1_115' title='bbox 1507 1716 1637 1767; x_wconf 88' lang='lat' dir='ltr'>erat</span> <span class='ocrx_word' id='word_1_116' title='bbox 1676 1706 1820 1767; x_wconf 86' lang='lat' dir='ltr'>vino</span> <span class='ocrx_word' id='word_1_117' title='bbox 1859 1706 2245 1781; x_wconf 89' lang='lat' dir='ltr'>temulentus,</span> <span class='ocrx_word' id='word_1_118' title='bbox 2286 1724 2466 1785; x_wconf 88' lang='lat' dir='ltr'>quam</span> <span class='ocrx_word' id='word_1_119' title='bbox 2493 1706 2584 1766; x_wconf 88' lang='lat' dir='ltr'>ira</span> <span class='ocrx_word' id='word_1_120' title='bbox 2609 1712 2790 1783; x_wconf 76' lang='lat' dir='ltr'>atque</span> 
     </span>
     <span class='ocr_line' id='line_1_15' title="bbox 578 1801 2790 1883; baseline 0 -20"><span class='ocrx_word' id='word_1_121' title='bbox 578 1802 923 1865; x_wconf 84' lang='lat' dir='ltr'>ambitione.</span> <span class='ocrx_word' id='word_1_122' title='bbox 1000 1802 1079 1865; x_wconf 84' lang='lat' dir='ltr'>Et</span> <span class='ocrx_word' id='word_1_123' title='bbox 1126 1821 1246 1883; x_wconf 89' lang='lat' dir='ltr'>quo</span> <span class='ocrx_word' id='word_1_124' title='bbox 1292 1802 1519 1864; x_wconf 81' lang='lat' dir='ltr'>felicior</span> <span class='ocrx_word' id='word_1_125' title='bbox 1567 1812 1696 1864; x_wconf 90' lang='lat' dir='ltr'>erat</span> <span class='ocrx_word' id='word_1_126' title='bbox 1722 1802 2066 1883; x_wconf 88' lang='lat' dir='ltr'>impotentis</span> <span class='ocrx_word' id='word_1_127' title='bbox 2096 1802 2277 1863; x_wconf 89' lang='lat' dir='ltr'>animi</span> <span class='ocrx_word' id='word_1_128' title='bbox 2303 1802 2628 1876; x_wconf 74' lang='lat' dir='ltr'>temeritas,</span> <span class='ocrx_word' id='word_1_129' title='bbox 2671 1801 2790 1863; x_wconf 80' lang='lat' dir='ltr'>hoc</span> 
     </span>
     <span class='ocr_line' id='line_1_16' title="bbox 577 1898 2790 1980; baseline 0 -20"><span class='ocrx_word' id='word_1_130' title='bbox 577 1910 705 1960; x_wconf 83' lang='lat' dir='ltr'>erat</span> <span class='ocrx_word' id='word_1_131' title='bbox 742 1902 920 1961; x_wconf 87' lang='lat' dir='ltr'>rebus</span> <span class='ocrx_word' id='word_1_132' title='bbox 956 1899 1250 1979; x_wconf 19' lang='lat' dir='ltr'>‘humanis</span> <span class='ocrx_word' id='word_1_133' title='bbox 1292 1899 1699 1980; x_wconf 81' lang='lat' dir='ltr'>perniciosior.</span> <span class='ocrx_word' id='word_1_134' title='bbox 1775 1898 1956 1961; x_wconf 81' lang='lat' dir='ltr'>&#39;Mihi-</span> <span class='ocrx_word' id='word_1_135' title='bbox 1981 1910 2142 1962; x_wconf 89' lang='lat' dir='ltr'>certe</span> <span class='ocrx_word' id='word_1_136' title='bbox 2189 1916 2310 1960; x_wconf 86' lang='lat' dir='ltr'>non</span> <span class='ocrx_word' id='word_1_137' title='bbox 2351 1899 2542 1978; x_wconf 82' lang='lat' dir='ltr'>magis</span> <span class='ocrx_word' id='word_1_138' title='bbox 2582 1899 2790 1979; x_wconf 88' lang='lat' dir='ltr'>placet</span> 
     </span>
     <span class='ocr_line' id='line_1_17' title="bbox 577 1994 2786 2077; baseline 0 -20"><span class='ocrx_word' id='word_1_139' title='bbox 577 1996 925 2059; x_wconf 75' lang='lat' dir='ltr'>Graecorum</span> <span class='ocrx_word' id='word_1_140' title='bbox 976 1996 1387 2066; x_wconf 81' lang='lat' dir='ltr'>historicorum</span> <span class='ocrx_word' id='word_1_141' title='bbox 1442 1996 1803 2071; x_wconf 84' lang='lat' dir='ltr'>Alexander,</span> <span class='ocrx_word' id='word_1_142' title='bbox 1857 2016 2034 2077; x_wconf 84' lang='lat' dir='ltr'>quam</span> <span class='ocrx_word' id='word_1_143' title='bbox 2088 1996 2372 2058; x_wconf 84' lang='lat' dir='ltr'>Achilles&#39;</span> <span class='ocrx_word' id='word_1_144' title='bbox 2413 1994 2786 2069; x_wconf 83' lang='lat' dir='ltr'>Homericus,</span> 
     </span>
     <span class='ocr_line' id='line_1_18' title="bbox 576 2092 2786 2175; baseline 0 -21"><span class='ocrx_word' id='word_1_145' title='bbox 576 2093 898 2173; x_wconf 87' lang='lat' dir='ltr'>pessimum</span> <span class='ocrx_word' id='word_1_146' title='bbox 925 2103 1175 2173; x_wconf 86' lang='lat' dir='ltr'>uterque</span> <span class='ocrx_word' id='word_1_147' title='bbox 1201 2092 1345 2155; x_wconf 90' lang='lat' dir='ltr'>boni</span> <span class='ocrx_word' id='word_1_148' title='bbox 1384 2094 1670 2175; x_wconf 89' lang='lat' dir='ltr'>principis</span> <span class='ocrx_word' id='word_1_149' title='bbox 1699 2093 2024 2174; x_wconf 85' lang='lat' dir='ltr'>exemplar,</span> <span class='ocrx_word' id='word_1_150' title='bbox 2072 2092 2306 2155; x_wconf 88' lang='lat' dir='ltr'>etiamsi</span> <span class='ocrx_word' id='word_1_151' title='bbox 2352 2112 2488 2173; x_wconf 83' lang='lat' dir='ltr'>quse</span> <span class='ocrx_word' id='word_1_152' title='bbox 2537 2092 2786 2155; x_wconf 76' lang='lat' dir='ltr'>virtutes</span> 
     </span>
     <span class='ocr_line' id='line_1_19' title="bbox 574 2176 2790 2277; baseline 0.001 -28"><span class='ocrx_word' id='word_1_153' title='bbox 574 2198 666 2251; x_wconf 91' lang='lat' dir='ltr'>tot</span> <span class='ocrx_word' id='word_1_154' title='bbox 693 2176 1161 2277; x_wconf 69' lang='lat' dir='ltr'>vitiis‘admixtm</span> <span class='ocrx_word' id='word_1_155' title='bbox 1204 2190 1389 2252; x_wconf 79' lang='lat' dir='ltr'>videri</span> <span class='ocrx_word' id='word_1_156' title='bbox 1432 2190 1688 2271; x_wconf 81' lang='lat' dir='ltr'>possint.</span> <span class='ocrx_word' id='word_1_157' title='bbox 1773 2190 2072 2252; x_wconf 87' lang='lat' dir='ltr'>Videlicet</span> <span class='ocrx_word' id='word_1_158' title='bbox 2112 2209 2310 2271; x_wconf 82' lang='lat' dir='ltr'>operae</span> <span class='ocrx_word' id='word_1_159' title='bbox 2356 2188 2610 2271; x_wconf 88' lang='lat' dir='ltr'>pretium</span> <span class='ocrx_word' id='word_1_160' title='bbox 2657 2200 2790 2251; x_wconf 82' lang='lat' dir='ltr'>erat</span> 
     </span>
     <span class='ocr_line' id='line_1_20' title="bbox 572 2284 2785 2367; baseline -0 -22"><span class='ocrx_word' id='word_1_161' title='bbox 572 2286 855 2361; x_wconf 82' lang='lat' dir='ltr'>Africam,</span> <span class='ocrx_word' id='word_1_162' title='bbox 884 2288 1224 2367; x_wconf 74' lang='lat' dir='ltr'>Europam,</span> <span class='ocrx_word' id='word_1_163' title='bbox 1273 2286 1501 2361; x_wconf 87' lang='lat' dir='ltr'>Asiam,</span> <span class='ocrx_word' id='word_1_164' title='bbox 1550 2297 1640 2347; x_wconf 88' lang='lat' dir='ltr'>tot</span> <span class='ocrx_word' id='word_1_165' title='bbox 1665 2287 1898 2348; x_wconf 86' lang='lat' dir='ltr'>misceri</span> <span class='ocrx_word' id='word_1_166' title='bbox 1925 2284 2220 2362; x_wconf 81' lang='lat' dir='ltr'>cladibus,</span> <span class='ocrx_word' id='word_1_167' title='bbox 2262 2295 2331 2346; x_wconf 93' lang='lat' dir='ltr'>ut</span> <span class='ocrx_word' id='word_1_168' title='bbox 2365 2284 2785 2348; x_wconf 78' lang='lat' dir='ltr'>uniusfuriosi</span> 
     </span>
     <span class='ocr_line' id='line_1_21' title="bbox 564 2383 2781 2465; baseline -0.001 -20"><span class='ocrx_word' id='word_1_169' title='bbox 564 2384 805 2465; x_wconf 82' lang='lat' dir='ltr'>juvenis</span> <span class='ocrx_word' id='word_1_170' title='bbox 835 2384 1030 2447; x_wconf 89' lang='lat' dir='ltr'>animo</span> <span class='ocrx_word' id='word_1_171' title='bbox 1059 2402 1189 2446; x_wconf 86' lang='lat' dir='ltr'>mos</span> <span class='ocrx_word' id='word_1_172' title='bbox 1216 2393 1539 2465; x_wconf 81' lang='lat' dir='ltr'>gereretur,</span> <span class='ocrx_word' id='word_1_173' title='bbox 1566 2383 1738 2463; x_wconf 89' lang='lat' dir='ltr'>cujus</span> <span class='ocrx_word' id='word_1_174' title='bbox 1769 2384 2076 2445; x_wconf 81' lang='lat' dir='ltr'>ambitioni</span> <span class='ocrx_word' id='word_1_175' title='bbox 2105 2400 2216 2445; x_wconf 89' lang='lat' dir='ltr'>nec</span> <span class='ocrx_word' id='word_1_176' title='bbox 2242 2383 2398 2444; x_wconf 89' lang='lat' dir='ltr'>orbis</span> <span class='ocrx_word' id='word_1_177' title='bbox 2421 2383 2521 2443; x_wconf 78' lang='lat' dir='ltr'>hic</span> <span class='ocrx_word' id='word_1_178' title='bbox 2551 2383 2781 2443; x_wconf 83' lang='lat' dir='ltr'>solidus</span> 
     </span>
     <span class='ocr_line' id='line_1_22' title="bbox 572 2479 2779 2562; baseline -0 -21"><span class='ocrx_word' id='word_1_179' title='bbox 572 2491 705 2541; x_wconf 86' lang='lat' dir='ltr'>erat</span> <span class='ocrx_word' id='word_1_180' title='bbox 747 2482 894 2542; x_wconf 87' lang='lat' dir='ltr'>satis</span> <span class='ocrx_word' id='word_1_181' title='bbox 924 2481 1203 2543; x_wconf 71' lang='lat' dir='ltr'>futurus?</span> <span class='ocrx_word' id='word_1_182' title='bbox 1260 2481 1425 2543; x_wconf 88' lang='lat' dir='ltr'>Bene</span> <span class='ocrx_word' id='word_1_183' title='bbox 1467 2480 1654 2542; x_wconf 83' lang='lat' dir='ltr'>habet</span> <span class='ocrx_word' id='word_1_184' title='bbox 1692 2484 1853 2561; x_wconf 88' lang='lat' dir='ltr'>quod</span> <span class='ocrx_word' id='word_1_185' title='bbox 1897 2481 1983 2542; x_wconf 89' lang='lat' dir='ltr'>illi</span> <span class='ocrx_word' id='word_1_186' title='bbox 2009 2481 2166 2562; x_wconf 88' lang='lat' dir='ltr'>pesti</span> <span class='ocrx_word' id='word_1_187' title='bbox 2193 2479 2450 2556; x_wconf 81' lang='lat' dir='ltr'>fortuna,</span> <span class='ocrx_word' id='word_1_188' title='bbox 2479 2482 2688 2542; x_wconf 88' lang='lat' dir='ltr'>ceteris</span> <span class='ocrx_word' id='word_1_189' title='bbox 2714 2481 2779 2540; x_wconf 85' lang='lat' dir='ltr'>in</span> 
     </span>
     <span class='ocr_line' id='line_1_23' title="bbox 570 2577 2781 2660; baseline 0.001 -21"><span class='ocrx_word' id='word_1_190' title='bbox 570 2578 750 2639; x_wconf 87' lang='lat' dir='ltr'>rebus</span> <span class='ocrx_word' id='word_1_191' title='bbox 800 2578 1046 2639; x_wconf 86' lang='lat' dir='ltr'>nimium</span> <span class='ocrx_word' id='word_1_192' title='bbox 1092 2577 1436 2660; x_wconf 83' lang='lat' dir='ltr'>indulgens,</span> <span class='ocrx_word' id='word_1_193' title='bbox 1481 2577 1922 2657; x_wconf 80' lang='lat' dir='ltr'>longaevitatem</span> <span class='ocrx_word' id='word_1_194' title='bbox 1980 2577 2233 2657; x_wconf 87' lang='lat' dir='ltr'>negarit.</span> <span class='ocrx_word' id='word_1_195' title='bbox 2315 2577 2506 2639; x_wconf 88' lang='lat' dir='ltr'>Locos</span> <span class='ocrx_word' id='word_1_196' title='bbox 2553 2577 2781 2658; x_wconf 81' lang='lat' dir='ltr'>aliquot</span> 
     </span>
     <span class='ocr_line' id='line_1_24' title="bbox 569 2668 2782 2755; baseline -0 -21"><span class='ocrx_word' id='word_1_197' title='bbox 569 2674 763 2734; x_wconf 92' lang='lat' dir='ltr'>obiter</span> <span class='ocrx_word' id='word_1_198' title='bbox 803 2683 1123 2736; x_wconf 83' lang='lat' dir='ltr'>annotatos</span> <span class='ocrx_word' id='word_1_199' title='bbox 1150 2675 1534 2748; x_wconf 84' lang='lat' dir='ltr'>correximus,</span> <span class='ocrx_word' id='word_1_200' title='bbox 1582 2673 1792 2735; x_wconf 89' lang='lat' dir='ltr'>addito</span> <span class='ocrx_word' id='word_1_201' title='bbox 1821 2668 2112 2748; x_wconf 80' lang='lat' dir='ltr'>Elencho,</span> <span class='ocrx_word' id='word_1_202' title='bbox 2144 2673 2247 2753; x_wconf 86' lang='lat' dir='ltr'>qui</span> <span class='ocrx_word' id='word_1_203' title='bbox 2282 2675 2660 2755; x_wconf 85' lang='lat' dir='ltr'>potissimum</span> <span class='ocrx_word' id='word_1_204' title='bbox 2687 2675 2782 2733; x_wconf 90' lang='lat' dir='ltr'>in-</span> 
     </span>
     <span class='ocr_line' id='line_1_25' title="bbox 571 2768 2781 2852; baseline 0.002 -23"><span class='ocrx_word' id='word_1_205' title='bbox 571 2768 820 2844; x_wconf 88' lang='lat' dir='ltr'>dicaret,</span> <span class='ocrx_word' id='word_1_206' title='bbox 863 2770 916 2830; x_wconf 92' lang='lat' dir='ltr'>si</span> <span class='ocrx_word' id='word_1_207' title='bbox 962 2769 1108 2851; x_wconf 82' lang='lat' dir='ltr'>quid</span> <span class='ocrx_word' id='word_1_208' title='bbox 1153 2788 1307 2830; x_wconf 82' lang='lat' dir='ltr'>nove</span> <span class='ocrx_word' id='word_1_209' title='bbox 1354 2769 1582 2830; x_wconf 90' lang='lat' dir='ltr'>dictum</span> <span class='ocrx_word' id='word_1_210' title='bbox 1615 2769 1776 2852; x_wconf 84' lang='lat' dir='ltr'>apud</span> <span class='ocrx_word' id='word_1_211' title='bbox 1817 2771 1980 2830; x_wconf 88' lang='lat' dir='ltr'>hunc</span> <span class='ocrx_word' id='word_1_212' title='bbox 2007 2771 2351 2850; x_wconf 88' lang='lat' dir='ltr'>scriptorem</span> <span class='ocrx_word' id='word_1_213' title='bbox 2380 2781 2662 2845; x_wconf 82' lang='lat' dir='ltr'>exstaret,</span> <span class='ocrx_word' id='word_1_214' title='bbox 2704 2789 2781 2833; x_wconf 90' lang='lat' dir='ltr'>ne</span> 
     </span>
     <span class='ocr_line' id='line_1_26' title="bbox 569 2864 2774 2948; baseline 0.001 -23"><span class='ocrx_word' id='word_1_215' title='bbox 569 2864 727 2928; x_wconf 85' lang='lat' dir='ltr'>desit</span> <span class='ocrx_word' id='word_1_216' title='bbox 762 2883 884 2946; x_wconf 86' lang='lat' dir='ltr'>quo</span> <span class='ocrx_word' id='word_1_217' title='bbox 910 2865 1218 2945; x_wconf 85' lang='lat' dir='ltr'>placemus</span> <span class='ocrx_word' id='word_1_218' title='bbox 1244 2867 1674 2946; x_wconf 76' lang='grc' dir='ltr'><strong>λογομάστιγαε</strong></span> <span class='ocrx_word' id='word_1_219' title='bbox 1700 2866 2017 2947; x_wconf 85' lang='lat' dir='ltr'>quosdam,</span> <span class='ocrx_word' id='word_1_220' title='bbox 2067 2867 2172 2947; x_wconf 88' lang='lat' dir='ltr'>qui</span> <span class='ocrx_word' id='word_1_221' title='bbox 2199 2867 2277 2927; x_wconf 87' lang='lat' dir='ltr'>ad</span> <span class='ocrx_word' id='word_1_222' title='bbox 2305 2867 2575 2946; x_wconf 85' lang='lat' dir='ltr'>singulas</span> <span class='ocrx_word' id='word_1_223' title='bbox 2599 2887 2774 2948; x_wconf 77' lang='lat' dir='ltr'>poene</span> 
     </span>
     <span class='ocr_line' id='line_1_27' title="bbox 566 2959 2778 3048; baseline 0.003 -28"><span class='ocrx_word' id='word_1_224' title='bbox 566 2979 747 3022; x_wconf 83' lang='lat' dir='ltr'>voces</span> <span class='ocrx_word' id='word_1_225' title='bbox 794 2959 994 3022; x_wconf 83' lang='lat' dir='ltr'>solent</span> <span class='ocrx_word' id='word_1_226' title='bbox 1040 2962 1403 3040; x_wconf 88' lang='lat' dir='ltr'>obstrepere,</span> <span class='ocrx_word' id='word_1_227' title='bbox 1450 2961 1827 3023; x_wconf 80' lang='lat' dir='ltr'>clamitantes</span> <span class='ocrx_word' id='word_1_228' title='bbox 1875 2961 2036 3043; x_wconf 86' lang='lat' dir='ltr'>apud</span> <span class='ocrx_word' id='word_1_229' title='bbox 2063 2966 2282 3043; x_wconf 87' lang='lat' dir='ltr'>probos</span> <span class='ocrx_word' id='word_1_230' title='bbox 2322 2965 2604 3048; x_wconf 79' lang='lat' dir='ltr'>authores</span> <span class='ocrx_word' id='word_1_231' title='bbox 2633 2985 2778 3026; x_wconf 88' lang='lat' dir='ltr'>nus·</span> 
     </span>
     <span class='ocr_line' id='line_1_28' title="bbox 565 3055 2788 3145; baseline 0.004 -31"><span class='ocrx_word' id='word_1_232' title='bbox 565 3073 748 3135; x_wconf 80' lang='lat' dir='ltr'>quam</span> <span class='ocrx_word' id='word_1_233' title='bbox 801 3055 1284 3145; x_wconf 60' lang='lat' dir='ltr'>inveniri.’÷-Ed.</span> <span class='ocrx_word' id='word_1_234' title='bbox 1312 3058 1836 3139; x_wconf 82' lang='lat' dir='ltr'>Argentoratensis</span> <span class='ocrx_word' id='word_1_235' title='bbox 1866 3059 2214 3121; x_wconf 85' lang='lat' dir='ltr'>Erasmiana</span> <span class='ocrx_word' id='word_1_236' title='bbox 2253 3079 2352 3121; x_wconf 89' lang='lat' dir='ltr'>an.</span> <span class='ocrx_word' id='word_1_237' title='bbox 2381 3063 2567 3123; x_wconf 67' lang='grc'><strong>1508.</strong></span> <span class='ocrx_word' id='word_1_238' title='bbox 2594 3073 2788 3141; x_wconf 80' lang='lat' dir='ltr'>quam·</span> 
     </span>
     <span class='ocr_line' id='line_1_29' title="bbox 566 3151 2786 3236; baseline 0.004 -26"><span class='ocrx_word' id='word_1_239' title='bbox 566 3151 778 3213; x_wconf 69' lang='lat' dir='ltr'>iaudat</span> <span class='ocrx_word' id='word_1_240' title='bbox 805 3151 1133 3226; x_wconf 86' lang='lat' dir='ltr'>Fabricius,</span> <span class='ocrx_word' id='word_1_241' title='bbox 1162 3172 1452 3215; x_wconf 88' lang='lat' dir='ltr'>annorum</span> <span class='ocrx_word' id='word_1_242' title='bbox 1498 3155 1836 3216; x_wconf 73' lang='lat' dir='ltr'>confusioni</span> <span class='ocrx_word' id='word_1_243' title='bbox 1885 3155 2151 3216; x_wconf 87' lang='lat' dir='ltr'>debetur.</span> <span class='ocrx_word' id='word_1_244' title='bbox 2235 3157 2515 3218; x_wconf 89' lang='lat' dir='ltr'>Ceterum</span> <span class='ocrx_word' id='word_1_245' title='bbox 2555 3157 2786 3236; x_wconf 80' lang='lat' dir='ltr'>&#39;quibus‘</span> 
     </span>
     <span class='ocr_line' id='line_1_30' title="bbox 564 3246 2788 3328; baseline 0.001 -18"><span class='ocrx_word' id='word_1_246' title='bbox 564 3246 925 3328; x_wconf 81' lang='lat' dir='ltr'>adjumentis</span> <span class='ocrx_word' id='word_1_247' title='bbox 953 3249 1030 3312; x_wconf 87' lang='lat' dir='ltr'>ad</span> <span class='ocrx_word' id='word_1_248' title='bbox 1060 3249 1498 3312; x_wconf 89' lang='lat' dir='ltr'>emendandum</span> <span class='ocrx_word' id='word_1_249' title='bbox 1527 3261 1758 3312; x_wconf 84' lang='lat' dir='ltr'>textum</span> <span class='ocrx_word' id='word_1_250' title='bbox 1783 3271 1930 3312; x_wconf 88' lang='lat' dir='ltr'>usus</span> <span class='ocrx_word' id='word_1_251' title='bbox 1957 3253 2033 3313; x_wconf 89' lang='lat' dir='ltr'>sit</span> <span class='ocrx_word' id='word_1_252' title='bbox 2061 3253 2367 3326; x_wconf 82' lang='lat' dir='ltr'>Erasmus,</span> <span class='ocrx_word' id='word_1_253' title='bbox 2396 3254 2458 3313; x_wconf 91' lang='lat' dir='ltr'>id</span> <span class='ocrx_word' id='word_1_254' title='bbox 2485 3273 2620 3315; x_wconf 77' lang='lat' dir='ltr'>vero</span> <span class='ocrx_word' id='word_1_255' title='bbox 2647 3269 2788 3313; x_wconf 85' lang='lat' dir='ltr'>non·</span> 
     </span>
     <span class='ocr_line' id='line_1_31' title="bbox 566 3346 2786 3429; baseline 0.003 -23"><span class='ocrx_word' id='word_1_256' title='bbox 566 3355 824 3422; x_wconf 86' lang='lat' dir='ltr'>constat.</span> <span class='ocrx_word' id='word_1_257' title='bbox 870 3419 875 3424; x_wconf 35' lang='grc'><strong>,</strong></span> <span class='ocrx_word' id='word_1_258' title='bbox 907 3346 1107 3420; x_wconf 66' lang='lat' dir='ltr'>Notae,</span> <span class='ocrx_word' id='word_1_259' title='bbox 1136 3347 1197 3407; x_wconf 90' lang='lat' dir='ltr'>in</span> <span class='ocrx_word' id='word_1_260' title='bbox 1229 3349 1492 3428; x_wconf 84' lang='lat' dir='ltr'>margine</span> <span class='ocrx_word' id='word_1_261' title='bbox 1520 3356 1720 3410; x_wconf 83' lang='lat' dir='ltr'>textus</span> <span class='ocrx_word' id='word_1_262' title='bbox 1749 3349 1985 3429; x_wconf 71' lang='lat' dir='ltr'>positas,</span> <span class='ocrx_word' id='word_1_263' title='bbox 2014 3350 2376 3410; x_wconf 76' lang='lat' dir='ltr'>brevissimae</span> <span class='ocrx_word' id='word_1_264' title='bbox 2399 3362 2560 3424; x_wconf 89' lang='lat' dir='ltr'>sunt,</span> <span class='ocrx_word' id='word_1_265' title='bbox 2587 3363 2648 3412; x_wconf 89' lang='lat' dir='ltr'>et</span> <span class='ocrx_word' id='word_1_266' title='bbox 2673 3349 2786 3412; x_wconf 69' lang='lat' dir='ltr'>&#39;vel</span> 
     </span>
     <span class='ocr_line' id='line_1_32' title="bbox 566 3443 2770 3526; baseline 0.002 -22"><span class='ocrx_word' id='word_1_267' title='bbox 566 3453 917 3525; x_wconf 85' lang='lat' dir='ltr'>argumenta</span> <span class='ocrx_word' id='word_1_268' title='bbox 939 3443 1220 3506; x_wconf 90' lang='lat' dir='ltr'>librorum</span> <span class='ocrx_word' id='word_1_269' title='bbox 1250 3444 1537 3520; x_wconf 89' lang='lat' dir='ltr'>indicant,</span> <span class='ocrx_word' id='word_1_270' title='bbox 1564 3445 1662 3507; x_wconf 77' lang='lat' dir='ltr'>vel</span> <span class='ocrx_word' id='word_1_271' title='bbox 1691 3445 1771 3506; x_wconf 89' lang='lat' dir='ltr'>ad</span> <span class='ocrx_word' id='word_1_272' title='bbox 1801 3445 2256 3526; x_wconf 84' lang='lat' dir='ltr'>explicationem</span> <span class='ocrx_word' id='word_1_273' title='bbox 2283 3446 2660 3525; x_wconf 88' lang='lat' dir='ltr'>singularum·</span> <span class='ocrx_word' id='word_1_274' title='bbox 2679 3449 2770 3508; x_wconf 83' lang='lat' dir='ltr'>lo-</span> 
     </span>
     <span class='ocr_line' id='line_1_33' title="bbox 564 3541 1759 3621; baseline 0.002 -21"><span class='ocrx_word' id='word_1_275' title='bbox 564 3541 869 3602; x_wconf 87' lang='lat' dir='ltr'>cutionum</span> <span class='ocrx_word' id='word_1_276' title='bbox 898 3550 1195 3619; x_wconf 88' lang='lat' dir='ltr'>spectant.</span> <span class='ocrx_word' id='word_1_277' title='bbox 1250 3541 1390 3602; x_wconf 86' lang='lat' dir='ltr'>·Est</span> <span class='ocrx_word' id='word_1_278' title='bbox 1416 3560 1601 3621; x_wconf 86' lang='lat' dir='ltr'>penes</span> <span class='ocrx_word' id='word_1_279' title='bbox 1626 3561 1759 3602; x_wconf 90' lang='lat' dir='ltr'>nos.</span> 
     </span>
     <span class='ocr_line' id='line_1_34' title="bbox 652 3623 2782 3705; baseline 0.002 -10"><span class='ocrx_word' id='word_1_280' title='bbox 652 3635 1139 3699; x_wconf 75' lang='lat' dir='ltr'>1520&#39;Venetiis.</span> <span class='ocrx_word' id='word_1_281' title='bbox 1181 3639 1239 3696; x_wconf 87' lang='grc'>8.</span> <span class='ocrx_word' id='word_1_282' title='bbox 1284 3636 1543 3705; x_wconf 86' lang='lat' dir='ltr'>Quintus</span> <span class='ocrx_word' id='word_1_283' title='bbox 1571 3637 1835 3699; x_wconf 85' lang='lat' dir='ltr'>Curtius.</span> <span class='ocrx_word' id='word_1_284' title='bbox 1919 3639 1988 3697; x_wconf 90' lang='lat' dir='ltr'>In</span> <span class='ocrx_word' id='word_1_285' title='bbox 2021 3639 2189 3699; x_wconf 76' lang='lat' dir='ltr'>‘finet</span> <span class='ocrx_word' id='word_1_286' title='bbox 2233 3631 2512 3700; x_wconf 74' lang='lat' dir='ltr'>venetiis</span> <span class='ocrx_word' id='word_1_287' title='bbox 2529 3639 2589 3699; x_wconf 87' lang='lat' dir='ltr'>in</span> <span class='ocrx_word' id='word_1_288' title='bbox 2619 3623 2782 3700; x_wconf 52' lang='lat' dir='ltr'>aedi-⁹¹</span> 
     </span>
     <span class='ocr_line' id='line_1_35' title="bbox 564 3723 2780 3798; baseline 0.001 -5"><span class='ocrx_word' id='word_1_289' title='bbox 564 3733 677 3794; x_wconf 86' lang='lat' dir='ltr'>bus</span> <span class='ocrx_word' id='word_1_290' title='bbox 704 3729 848 3793; x_wconf 88' lang='lat' dir='ltr'>Aldi</span> <span class='ocrx_word' id='word_1_291' title='bbox 876 3740 938 3792; x_wconf 88' lang='lat' dir='ltr'>et</span> <span class='ocrx_word' id='word_1_292' title='bbox 963 3731 1221 3792; x_wconf 80' lang='lat' dir='ltr'>Andreoe</span> <span class='ocrx_word' id='word_1_293' title='bbox 1250 3723 1475 3797; x_wconf 81' lang='lat' dir='ltr'>Soceri.</span> <span class='ocrx_word' id='word_1_294' title='bbox 1519 3735 1734 3795; x_wconf 85' lang='lat' dir='ltr'>Mense</span> <span class='ocrx_word' id='word_1_295' title='bbox 1762 3734 1924 3795; x_wconf 88' lang='lat' dir='ltr'>Julio</span> <span class='ocrx_word' id='word_1_296' title='bbox 1956 3754 2030 3796; x_wconf 76' lang='lat' dir='ltr'>rr.</span> <span class='ocrx_word' id='word_1_297' title='bbox 2063 3755 2130 3796; x_wconf 82' lang='lat' dir='ltr'>n.</span> <span class='ocrx_word' id='word_1_298' title='bbox 2159 3736 2573 3796; x_wconf 79' lang='lat' dir='ltr'>xx.·-&#39;-Panzer</span> <span class='ocrx_word' id='word_1_299' title='bbox 2596 3737 2780 3798; x_wconf 59' lang='lat' dir='ltr'>&#39;Porus3</span> 
     </span>
     <span class='ocr_line' id='line_1_36' title="bbox 566 3827 2778 3914; baseline 0.002 -26"><span class='ocrx_word' id='word_1_300' title='bbox 566 3837 729 3892; x_wconf 80' lang='lat' dir='ltr'>vrir.</span> <span class='ocrx_word' id='word_1_301' title='bbox 757 3848 820 3910; x_wconf 82' lang='lat' dir='ltr'>p.</span> <span class='ocrx_word' id='word_1_302' title='bbox 848 3829 995 3890; x_wconf 89' lang='grc'><strong>460.</strong></span> <span class='ocrx_word' id='word_1_303' title='bbox 1076 3828 1146 3888; x_wconf 88' lang='lat' dir='ltr'>In</span> <span class='ocrx_word' id='word_1_304' title='bbox 1170 3827 1285 3890; x_wconf 84' lang='lat' dir='ltr'>hac</span> <span class='ocrx_word' id='word_1_305' title='bbox 1312 3830 1411 3892; x_wconf 89' lang='lat' dir='ltr'>ed.</span> <span class='ocrx_word' id='word_1_306' title='bbox 1439 3829 1655 3904; x_wconf 89' lang='lat' dir='ltr'>Aldus,</span> <span class='ocrx_word' id='word_1_307' title='bbox 1706 3831 1976 3912; x_wconf 88' lang='lat' dir='ltr'>pluribus</span> <span class='ocrx_word' id='word_1_308' title='bbox 2022 3831 2186 3894; x_wconf 88' lang='lat' dir='ltr'>libris</span> <span class='ocrx_word' id='word_1_309' title='bbox 2212 3833 2624 3914; x_wconf 87' lang='lat' dir='ltr'>manuscriptis</span> <span class='ocrx_word' id='word_1_310' title='bbox 2655 3833 2778 3893; x_wconf 54' lang='lat' dir='ltr'>ada</span> 
     </span>
     <span class='ocr_line' id='line_1_37' title="bbox 539 3923 2780 4004; baseline 0.004 -24"><span class='ocrx_word' id='word_1_311' title='bbox 539 3925 745 4004; x_wconf 78' lang='lat' dir='ltr'>‚jutus,</span> <span class='ocrx_word' id='word_1_312' title='bbox 772 3933 1000 3988; x_wconf 77' lang='lat' dir='ltr'>textum</span> <span class='ocrx_word' id='word_1_313' title='bbox 1022 3923 1395 3989; x_wconf 81' lang='lat' dir='ltr'>multis&#39;locis</span> <span class='ocrx_word' id='word_1_314' title='bbox 1423 3926 1685 3989; x_wconf 88' lang='lat' dir='ltr'>reddidit</span> <span class='ocrx_word' id='word_1_315' title='bbox 1703 3929 2134 3991; x_wconf 88' lang='lat' dir='ltr'>correctiorem.</span> <span class='ocrx_word' id='word_1_316' title='bbox 2219 3930 2403 3990; x_wconf 88' lang='lat' dir='ltr'>Basin</span> <span class='ocrx_word' id='word_1_317' title='bbox 2425 3929 2566 3990; x_wconf 81' lang='lat' dir='ltr'>fecit</span> <span class='ocrx_word' id='word_1_318' title='bbox 2587 3929 2780 3990; x_wconf 72' lang='lat' dir='ltr'>Erae-²</span> 
     </span>
     <span class='ocr_line' id='line_1_38' title="bbox 558 4039 2540 4084; baseline 0.002 -3"><span class='ocrx_word' id='word_1_319' title='bbox 558 4039 836 4084; x_wconf 76' lang='lat' dir='ltr'>misnam.</span> <span class='ocrx_word' id='word_1_320' title='bbox 2533 4075 2540 4084; x_wconf 94' lang='lat'><em>.</em></span> 
     </span>
     <span class='ocr_line' id='line_1_39' title="bbox 651 4121 2776 4204; baseline 0.001 -25"><span class='ocrx_word' id='word_1_321' title='bbox 651 4121 807 4182; x_wconf 76' lang='lat'>1524</span> <span class='ocrx_word' id='word_1_322' title='bbox 828 4121 1169 4202; x_wconf 64' lang='lat' dir='ltr'>compluti.</span> <span class='ocrx_word' id='word_1_323' title='bbox 1211 4123 1271 4182; x_wconf 86' lang='lat'>4.</span> <span class='ocrx_word' id='word_1_324' title='bbox 1316 4139 1450 4184; x_wconf 67' lang='lat' dir='ltr'>cun·</span> <span class='ocrx_word' id='word_1_325' title='bbox 1492 4123 1771 4187; x_wconf 87' lang='lat' dir='ltr'>Laurent.</span> <span class='ocrx_word' id='word_1_326' title='bbox 1821 4123 1993 4186; x_wconf 85' lang='lat' dir='ltr'>Balbi</span> <span class='ocrx_word' id='word_1_327' title='bbox 2043 4122 2350 4194; x_wconf 78' lang='lat' dir='ltr'>Liliensis3</span> <span class='ocrx_word' id='word_1_328' title='bbox 2407 4141 2588 4204; x_wconf 87' lang='lat' dir='ltr'>quam</span> <span class='ocrx_word' id='word_1_329' title='bbox 2620 4121 2776 4183; x_wconf 66' lang='lat' dir='ltr'>“edi-¹</span> 
     </span>
    </p>
   </div>
  </div>
 </body>
</html>
