3222 4944
814 411 885 471 Q.
928 407 1186 460 cuns-11
1232 407 1413 458 Ruri
1462 407 1605 456 mn.
1653 408 1818 458 vm.
1860 408 2019 456 car.
2065 393 2171 458 14.

406 551 547 618 (hnc
569 550 707 602 enim
728 549 845 615 ejus
864 549 1024 602 verbs
1057 548 1201 614 suut)
1222 556 1279 602 et
1309 549 1455 614 qussi

404 625 687 678 confundet
704 625 933 677 ordinem
952 625 1210 675 exercitus
1232 625 1454 676 Alenu-

406 701 506 752 dri.
558 701 697 752 Ante
735 701 869 750 enim
915 698 1067 764 dixit,
1096 697 1451 750 Alexandrum

396 776 615 840 jussisse
652 775 867 825 Coeuum
909 775 963 822 in
1005 773 1241 824 dextrum
1289 789 1452 824 corun

406 850 798 914 movere,siurul
830 863 893 899 sc
924 848 1135 898 vidisset
1168 849 1333 913 ipsum
1354 849 1452 914 (A-

402 923 731 990 lexandrum)
751 926 803 974 in
818 923 1079 975 sinistrum
1100 924 1319 974 hostium
1339 933 1450 974 cor-

402 1015 473 1051 nu
492 1002 743 1065 impetum
758 999 946 1050 fucere.
1009 1000 1139 1049 Mox
1160 1015 1284 1049 vero
1305 1001 1450 1062 dicit,

402 1075 641 1139 Coeuum,
660 1090 761 1127 uon
785 1073 1155 1138 Alexandrum,
1182 1075 1237 1124 in
1264 1075 1451 1125 levum

402 1164 564 1202 cornu
600 1152 863 1202 invectum
900 1164 1031 1200 esse.
1095 1149 1197 1200 Sed
1237 1149 1448 1200 Curtius

401 1233 569 1284 reete,
602 1226 701 1276 nisi
733 1223 884 1277 vslde
922 1223 1091 1275 fallor.
1155 1224 1287 1275 Hoec
1313 1223 1451 1274 enim

400 1299 686 1351 Alexandri
706 1300 809 1351 fuit
828 1314 990 1359 meus,
1024 1306 1085 1349 ut
1111 1314 1229 1350 eum
1250 1300 1363 1362 ipse
1398 1299 1449 1349 in

400 1376 587 1426 laevum
610 1375 829 1426 hostium
848 1389 1009 1425 cornu
1042 1375 1290 1439 impeturn
1311 1373 1450 1425 fuce·

398 1456 503 1514 ret,
518 1451 707 1500 Ooeuus
732 1451 970 1500 dextrum
1004 1463 1163 1499 corun
1198 1462 1301 1498 uon
1338 1449 1453 1503 hos·

402 1527 551 1589 tium,
585 1533 647 1575 ut
668 1523 959 1575 Glareanus
983 1529 1151 1587 putet,
1170 1523 1261 1573 sed
1294 1522 1451 1573 Alex-

401 1599 605 1648 andrini
630 1598 889 1648 exercitus
915 1602 1165 1659 moveret,
1186 1597 1381 1661 sibique
1400 1598 1453 1646 iu

402 1673 574 1725 medio
594 1673 779 1724 srdore
812 1672 979 1736 proelii
1012 1679 1364 1722 succurreret:
1396 1678 1453 1722 et

402 1749 499 1798 hoc
517 1756 619 1810 est,
638 1746 775 1812 quod
798 1744 927 1796 dicit
944 1743 1077 1797 ini-‘rs
1092 1745 1318 1807 Curtius,
1334 1747 1449 1795 Coe·

401 1837 522 1874 num
544 1823 599 1871 in
619 1823 805 1871 lmurn
832 1833 993 1870 cornu
1024 1821 1283 1869 invectum
1317 1833 1450 1870 esse.

398 1896 672 1946 Looeeuiu.
726 1895 797 1944 Tu
811 1895 1119 1944 &dexterum
1131 1893 1285 1956 mone]
1308 1895 1451 1950 Msle

396 1971 594 2035 accipit
630 1971 725 2020 hoc
753 1971 867 2020 loco
890 1969 1178 2018 Glareanus
1202 1968 1453 2031 Curtium,

401 2046 549 2111 qussi
570 2046 697 2095 nihil
718 2044 863 2108 pensi
882 2042 1123 2092 hebuerit
1154 2041 1293 2106 quod
1325 2041 1450 2092 scri-

400 2121 568 2180 beret,
590 2119 824 2183 adeoque
844 2118 1017 2182 paucis
1056 2117 1287 2166 versibus
1321 2132 1450 2182 pug-

392 2197 577 2246 -usntis
600 2193 899 2244 tradidisse:
932 2196 948 2222 ⁸
973 2191 1237 2254 Primum,'
1267 2193 1452 2256 inquit,

399 2273 417 2300 ⁴
441 2269 589 2319 initio
608 2269 759 2332 hujus
784 2279 967 2330 pugu-
993 2264 1295 2316 Perdiccam
1332 2281 1449 2314 cum

400 2345 663 2410 equitibus
694 2345 748 2393 in
776 2341 1017 2392 dextrum
1050 2354 1209 2390 cornu
1230 2341 1450 2390 hostium

400 2421 581 2471 mittit.
629 2418 733 2469 Hic
755 2431 875 2468 cum
898 2416 1201 2478 Ptolemaeo,
1227 2414 1452 2478 Hepha-

396 2496 661 2554 stione‚sc
684 2495 797 2556 ipso
820 2488 1138 2550 Alexandro,
1158 2488 1311 2552 quiin
1326 2486 1451 2537 dex·

403 2577 485 2619 tro
516 2568 595 2617 sui
630 2565 890 2615 exercitus
928 2576 1089 2613 cornu
1119 2567 1253 2623 erst,
1286 2560 1339 2609 in
1363 2561 1450 2609 1·-

400 2658 519 2691 vnm
556 2654 717 2693 corun
748 2638 970 2689 hostium
1002 2638 1251 2699 impetum
1294 2633 1450 2687 sscit:

402 2731 577 2769 rursus
617 2717 805 2766 Coenus
848 2714 933 2762 liic
959 2710 1177 2775 jubetur
1210 2709 1449 2759 dextrum

398 2793 621 2842 hostium
643 2802 804 2840 cornu
826 2799 1065 2845 movere;
1100 2791 1156 2833 nt
1187 2799 1306 2833 mox
1334 2790 1453 2847 post

401 2868 597 2931 sliquot
632 2877 828 2925 versus,
858 2861 993 2911 idem
1015 2860 1219 2913 ‚Coenus
1251 2858 1448 2923 ingenti

401 2942 453 2992 vi
475 2940 527 2990 iu
551 2941 734 2989 levum
754 2950 911 2985 cornu
936 2933 1208 2983 invehitur.
1272 2932 1356 2983 Its
1376 2934 1448 2983 vi·

400 3014 581 3067 demus
604 3012 729 3078 (uisi
752 3013 805 3061 in
822 3010 1057 3060 codicum
1072 3022 1267 3058 errores
1280 3009 1449 3059 omnis

400 3090 615 3155 reJicere
638 3086 837 3150 piscet)
866 3097 1015 3148 quern
1040 3082 1161 3131 nihil
1193 3083 1337 3145 pensi
1360 3084 1451 3131 hs-

402 3166 571 3216 buerit
596 3162 719 3228 quid
756 3160 1007 3211 scriberet
1030 3174 1045 3217 ;
1079 3157 1212 3221 quod
1234 3158 1283 3207 in
1303 3158 1448 3222 quiu-

404 3250 458 3291 to
480 3241 609 3289 libro
630 3240 699 3289 de
718 3238 867 3289 Dsrii
886 3229 1119 3285 exercitu
1144 3248 1206 3285 sc
1235 3235 1349 3297 ejus
1370 3250 1449 3284 or·

398 3316 663 3365 diustione
684 3312 949 3375 conquesti
970 3324 1159 3359 sumus.
1201 3307 1449 3361 Arrisnus

402 3392 557 3455 plane
600 3388 817 3436 Coenurn
860 3384 1065 3443 ducem,
1099 3394 1202 3429 uon
1244 3384 1450 3442 larum,

400 3459 827 3529 quemadmodum
858 3457 943 3506 hic
980 3466 1249 3519 perperam
1290 3455 1450 3516 scrip-

400 3548 507 3589 turn
530 3544 789 3600 putemus,
820 3532 909 3581 sed
946 3531 1181 3579 dextrum
1205 3528 1451 3578 invasisse

402 3612 621 3662 hostium
642 3622 799 3659 cornu
819 3604 1060 3670 scripsit.’
1108 3605 1256 3654 Bona
1281 3604 1451 3665 verbs,

404 3688 680 3746 Glaresne,
724 3689 740 3711 ‘
766 3682 967 3746 parcius
1018 3682 1119 3730 ists
1173 3678 1351 3740 viris3’
1404 3678 1450 3728 si

402 3759 572 3811 Curtii
593 3758 753 3808 verbs
786 3754 1074 3807 accuratius
1097 3752 1450 3816 expendisses,

316 3884 321 3889 .
401 3846 457 3888 et
492 3842 713 3885 mentem
750 3831 1115 3895 perspexisses,
1150 3829 1251 3881 siis,
1281 3829 1451 3881 omnis

401 3912 473 3961 de
489 3908 669 3961 Curtio
691 3916 747 3957 et
768 3906 1011 3957 sensisses
1044 3912 1100 3953 et
1126 3904 1418 3964 scripsisses
1436 3921 1450 3953 z

406 4000 522 4035 usui
544 3982 681 4048 quod
718 3980 1195 4043 sis,initio,pugu1e
1234 3979 1451 4029 Perdic-

404 4074 517 4112 csm
542 4060 594 4108 in
617 4070 775 4107 cornu
798 4057 1035 4107 dextrum
1056 4054 1279 4115 missum,
1318 4061 1452 4115 post·

404 4148 469 4184 eu
501 4134 555 4182 in
584 4131 845 4183 sinistrum
878 4143 993 4179 cum
1022 4128 1133 4191 ipso
1155 4127 1451 4178 Alexandro

406 4212 652 4271 morian
686 4209 811 4260 nihil
829 4217 929 4267 est,
948 4207 1081 4273 quod
1101 4204 1343 4263 offendat,
1356 4220 1451 4256 nec

2403 395 2576 463 140⁵

1524 547 1806 614 quidquam
1851 561 1882 597 s
1931 547 2110 598 Curtio
2157 551 2239 598 est
2285 555 2577 612 peccatum.

1522 623 1628 674 Sed
1653 631 1708 672 tu
1731 637 1834 672 non
1866 630 2150 685 essecutus,
2182 624 2314 688 quod
2347 629 2578 678 usrrsvit

1526 700 1750 760 Curtius,
1773 698 1883 762 ipse
1909 699 2000 748 tibi
2020 697 2085 747 τὰ
2099 697 2287 748 ἐναντία
2301 708 2358 749 et
2379 703 2576 752 somnis

1522 773 1702 837 fingis:
1743 788 1863 822 nam
1879 773 2086 824 Curtius
2108 775 2174 823 de
2191 776 2387 826 duabus
2409 777 2586 836 diver-2

1522 850 1593 899 sis
1617 849 1801 912 pugnis
1835 850 2081 913 loquitur,
2119 849 2169 898 id
2191 851 2326 914 quod
2349 851 2575 902 debebas

1522 922 1799 986 didicisse;
1825 925 2042 988 primum
2076 925 2140 974 sd
2171 926 2334 988 ripum
2369 927 2577 991 Hydas-

1522 999 1623 1062 pis,
1641 999 1693 1048 in
1715 1011 1866 1064 quem
1895 1007 2130 1050 evaserat
2161 999 2486 1063 Alexander3
2520 1003 2576 1052 in

1522 1089 1676 1138 quem
1713 1090 1831 1124 cum
1870 1076 2108 1126 curribus
2157 1077 2451 1139 pramissus
2493 1086 2578 1129 est

1522 1149 1706 1212 Heges
1721 1148 1886 1200 freter
1909 1151 2050 1212 Pori,
2074 1165 2191 1200 cum
2221 1165 2322 1214 quo
2355 1153 2572 1215 primum

1520 1223 1706 1274 initum
1741 1236 1824 1274 est
1859 1225 2115 1288 prelium,
2147 1231 2202 1274 et
2235 1227 2286 1275 in
2321 1227 2418 1276 boc
2449 1226 2575 1276 dex-

1524 1306 1660 1348 trum
1679 1299 1842 1363 Hegis
1865 1314 2023 1350 cornu
2035 1301 2206 1363 jussus
2229 1307 2311 1351 est
2331 1301 2576 1351 insedere

1524 1373 1798 1424 Perdices.
1863 1375 2016 1438 Hage
2049 1382 2220 1425 sutem
2253 1391 2370 1425 cum
2411 1377 2576 1427 curri·

1524 1447 1619 1498 bus
1641 1447 1756 1498 fuso
1781 1455 1836 1498 et
1856 1449 2123 1513 dissipem,
2159 1451 2284 1501 itum
2315 1457 2397 1503 est
2430 1457 2578 1502 rents

1528 1521 1777 1573 adversus
1797 1524 1964 1587 ipsum
1987 1525 2202 1588 Porum,
2221 1525 2310 1588 qui
2333 1541 2448 1576 eum
2469 1539 2577 1576 om-

1526 1597 1675 1646 uibus
1709 1598 1872 1661 copiis
1905 1599 2336 1649 Alexsndmm·in
2369 1601 2576 1663 amplis·-

1522 1674 1654 1722 simo
1675 1680 1730 1722 et
1761 1675 2032 1738 equitsbili
2052 1687 2234 1738 esrnpo
2256 1676 2576 1738 expectavit.

1525 1747 1587 1795 In
1622 1747 1756 1797 hunc
1789 1761 1902 1797 cum
1941 1748 2044 1797 iret
2077 1747 2394 1810 Alexander,
2429 1763 2577 1799 susus

1522 1822 1688 1871 eciem
1731 1823 1886 1872 aliter
1925 1824 2135 1887 direxit,
2176 1831 2232 1873 et
2265 1824 2574 1874 Perdiccam

1524 1910 1701 1946 secum
1725 1897 1951 1960 retinuit,
1979 1912 2094 1946 cum
2116 1912 2218 1962 quo
2241 1899 2426 1948 levum
2449 1898 2576 1956 Pori

1522 1970 1681 2034 ipsius
1702 1985 1862 2021 cornu
1883 1979 1964 2022 est
1985 1987 2276 2036 aggressus,
2305 1973 2439 2022 sicut
2459 1973 2575 2022 Coe-

1523 2059 1620 2095 nus
1641 2047 1900 2098 dextrum:
1920 2047 2102 2097 vitiosa
2115 2047 2248 2097 enim
2261 2053 2318 2098 et
2331 2045 2578 2100 mendoss

1524 2121 1782 2185 scripturn
1811 2122 2018 2172 codices
2045 2121 2337 2186 occupavit,
2363 2122 2452 2185 qui
2486 2122 2576 2169 1·-

1526 2210 1644 2268 vnm
1669 2205 1786 2259 post
1823 2197 2018 2261 aliquot
2052 2211 2226 2246 versus
2262 2211 2355 2259 pro
2389 2196 2575 2245 dextro

1526 2269 1810 2334 proferunt,
1848 2272 1974 2320 vitio
2028 2272 2112 2319 vel
2155 2271 2576 2333 antiquariorum.

1524 2359 1638 2394 narn
1663 2354 1720 2396 et
1743 2345 2062 2408 chirographi
2079 2346 2246 2394 levum
2263 2345 2472 2407 hubent,
2491 2345 2576 2394 vel

1524 2434 1816 2484 operarum.
1883 2422 2030 2470 Solet
2060 2427 2230 2470 sutem
2263 2435 2356 2470 usu
2379 2421 2575 2485 venire,

1528 2502 1585 2543 ut
1620 2494 1818 2543 librarii
1860 2509 2036 2545 ornnes
2079 2494 2315 2544 eumdem
2347 2508 2576 2545 errorem

1525 2577 1828 2634 sequentur,
1849 2569 1988 2633 quod
2010 2576 2066 2618 et
2090 2569 2142 2617 in
2177 2567 2576 2630 Lexicogrsphis

1526 2644 1712 2708 sepius
1737 2642 2186 2707 deprehendimus,
2209 2656 2308 2690 uon
2333 2655 2480 2690 secus
2496 2648 2577 2691 st-

1528 2734 1628 2782 que
1651 2732 1772 2769 oves
1794 2718 2010 2767 arietem
2044 2718 2100 2766 in
2129 2717 2274 2780 ignes
2306 2724 2396 2766 sut
2413 2730 2574 2779 squas

1526 2794 1833 2843 insistentem
1852 2792 2112 2855 certatim,
2139 2792 2296 2839 etism
2317 2804 2434 2839 curn
2465 2790 2576 2839 exi·

1524 2868 1599 2917 tio
1621 2884 1735 2929 suo,
1757 2873 2058 2932 sequuntur.
2126 2865 2256 2917 Quis
2291 2864 2428 2913 euim
2463 2876 2574 2914 ere·

1522 2944 1616 2993 dst
1652 2942 1884 2992 Curtium
1921 2940 2359 2991 accuratissimum
2396 2946 2452 2987 et
2485 2954 2576 2988 no-

1522 3020 1820 3069 bilissimum
1864 3019 2168 3081 scriptorem
2207 3016 2346 3067 iutrs
2383 3030 2576 3079 paucos

1523 3109 1698 3143 versus
1744 3094 1842 3143 sibi
1885 3094 2147 3143 contrariu
2188 3097 2244 3141 et
2292 3091 2579 3155 pugnantis,

1522 3169 1822 3232 scripsisse?
1841 3168 1916 3217 uti
1949 3170 2121 3222 mirer,
2142 3166 2396 3231 quomodo
2431 3166 2576 3215 criti·

1521 3256 1614 3291 cus
1645 3244 1863 3293 Acidalii
1897 3244 2044 3292 stilus
2073 3242 2170 3291 hoc
2201 3240 2442 3290 mendum
2469 3249 2574 3289 non

1523 3316 1786 3377 effoderit,
1809 3324 1899 3366 sut
1923 3318 2102 3365 saltem
2131 3329 2230 3364 non
2253 3314 2574 3364 animadver-

1524 3392 1666 3439 terit.
1730 3394 1814 3439 De
1851 3390 2018 3450 quinti
2053 3388 2172 3435 libri
2212 3388 2370 3434 dubia
2413 3388 2574 3449 scrip-

1526 3462 1666 3511 tione
1688 3477 1782 3511 suo
1798 3462 1912 3510 loco
1935 3461 2130 3509 dictum
2151 3465 2248 3506 est.
2298 3458 2430 3507 Illud
2447 3472 2572 3507 vero

1524 3536 1660 3601 quod
1691 3536 1895 3586 Medius
1919 3534 2168 3599 neglexit,
2181 3534 2323 3597 juste
2345 3534 2576 3583 restituit

1526 3612 1806 3671 Acidalius,
1835 3612 1888 3661 is
1917 3614 2139 3661 dextrum
2167 3624 2314 3671 moue,
2335 3623 2437 3657 nou
2460 3611 2574 3659 dm-

1520 3694 1648 3737 tnau
1667 3702 1827 3745 mom
1861 3700 1973 3734 nsua
1995 3682 2288 3735 Alexsnder
2312 3683 2424 3745 ipse
2445 3683 2572 3733 dex·

1524 3769 1658 3811 trum
1701 3762 1938 3810 movebst
1965 3761 2016 3809 in
2049 3760 2234 3809 levum
2268 3759 2420 3819 Pori3
2455 3760 2572 3807 Coe-

1523 3849 1618 3884 uus
1635 3844 1808 3884 sutem
1825 3835 2088 3884 sinistrum
2111 3833 2352 3883 movebst
2376 3832 2428 3880 iu
2447 3832 2573 3880 dex-

1525 3917 1660 3959 trum
1693 3908 1837 3958 Pori.
1885 3909 2113 3957 Raderm.
2177 3907 2286 3969 Ipse
2327 3903 2571 3965 dextrum]

1524 3984 1792 4033 Aeidslius
1814 3984 2068 4047 probante
2089 3979 2291 4029 deero
2305 3979 2452 4041 legit,
2473 3979 2573 4039 ipse

1520 4060 1574 4109 ιἰι
1596 4061 1820 4108 dextruas
1837 4072 1982 4119 moue,
2003 4070 2120 4105 num
2148 4053 2443 4103 Alexander
2459 4053 2569 4113 jum

1523 4134 1573 4182 in
1597 4134 1780 4181 levum
1795 4147 1851 4182 se
1875 4132 2070 4180 irruere
2093 4129 2226 4178 velle
2241 4126 2573 4190 significaret.

1524 4207 1722 4271 Negsri
1754 4216 1926 4256 temen
1947 4218 2049 4255 non
2079 4210 2254 4267 potest
2289 4202 2342 4251 in
2378 4202 2570 4252 describ
