3222 4944
655 388 824 456 1490

657 547 760 596 tius
774 545 791 573 ⁸
806 544 1119 608 Septiremes
1131 542 1184 593 in
1199 542 1467 607 Euphrate
1482 541 1708 592 instrux-

658 623 779 685 erit,
804 628 863 671 ut
896 634 963 670 ex
998 619 1148 684 Syria
1184 625 1335 683 petat
1356 617 1621 679 Africam3
1655 624 1711 667 et

660 696 945 748 crediderit
983 710 1051 744 ex
1094 695 1359 759 Euphrate
1403 708 1551 758 posse
1594 692 1708 741 bre-

658 772 869 823 vissima
908 770 990 820 via
1034 770 1393 830 Carthaginem
1438 765 1712 831 navigari?

659 846 734 895 At
750 852 948 909 quanta
968 845 1079 893 brec
1105 851 1186 894 est
1216 844 1481 907 iniquitas,
1502 843 1581 891 vel
1604 848 1712 891 rna-

656 920 898 986 lignitas?
948 918 1155 970 Etenim
1208 918 1417 968 Curtius
1470 916 1710 981 exposuit

662 998 829 1061 primo
871 996 1081 1047 consilia
1124 993 1425 1059 Alexandri,
1467 994 1485 1022 ⁸
1508 992 1712 1043 infinita

664 1075 833 1121 animo
886 1070 1176 1134 complexi}
1226 1084 1438 1133 quorum
1495 1070 1712 1134 primunt

664 1155 798 1210 erat,
827 1148 843 1175 ⁸
869 1159 1069 1196 omnem
1103 1145 1169 1195 ad
1207 1145 1481 1196 Orientem
1520 1144 1715 1194 mariti-

662 1236 799 1271 mam
856 1220 1121 1283 regionem
1174 1218 1478 1283 perdomare
1495 1218 1541 1281 ς’
1595 1218 1716 1268 dein

665 1298 867 1347 demum
892 1296 909 1324 ⁸
927 1310 991 1347 ex
1015 1295 1167 1359 Syria
1184 1293 1419 1345 Africam
1444 1300 1624 1360 petere
1663 1302 1719 1343 et

666 1370 1092 1435 Cartbaginem3'
1126 1372 1249 1422 inde
1292 1385 1447 1436 porro
1492 1372 1510 1399 ⁸
1538 1371 1720 1421 Numi-

668 1448 805 1498 diam
834 1461 1128 1512 peragrare,
1156 1460 1363 1497 cursum
1399 1445 1575 1497 Gades
1596 1445 1718 1495 diri-

668 1537 810 1587 gere,
832 1521 1112 1586 Hispanias
1136 1520 1314 1585 adire,’
1328 1524 1426 1572 διο.
1460 1520 1595 1571 Haec
1615 1534 1721 1570 om·

667 1598 756 1647 nia
779 1604 1050 1662 postquam
1072 1596 1219 1646 simul
1242 1596 1584 1661 eaposuisset,
1604 1594 1722 1644 sub-

660 1673 782 1736 jieit
836 1672 1105 1735 imperium
1160 1668 1443 1721 Alexandri
1495 1671 1547 1720 iu
1613 1683 1722 1719 rem

670 1746 903 1809 proxime
917 1741 1203 1794 faciendam
1219 1761 1235 1794 ι
1270 1744 1432 1806 Igitur
1452 1744 1720 1807 Mesopota-

670 1820 781 1868 mia
822 1820 1121 1869 Praetoribus
1149 1820 1364 1883 imperat,
1398 1827 1456 1870 ut
1493 1819 1723 1884 Septire-

650 1908 781 1944 ·mes
815 1892 948 1957 illas,
981 1896 1062 1943 vel
1099 1908 1271 1943 earum
1314 1896 1516 1945 carinas
1550 1895 1722 1959 potius

673 1973 966 2030 exstruant,
998 1974 1055 2018 et
1086 1968 1400 2033 Babylonem
1440 1969 1724 2019 deducant.

673 2043 793 2095 Quo
812 2056 989 2106 queso
1008 2044 1271 2107 pertinere
1303 2044 1398 2095 boe
1416 2052 1604 2108 potest,
1625 2044 1724 2094 nisi

674 2117 741 2167 ad
774 2118 991 2182 primum
1022 2118 1235 2169 istorum
1267 2120 1619 2181 consiliorum,
1657 2119 1723 2168 ad

674 2191 1026 2255 perdomanda
1038 2193 1560 2244 Orientismaritima?
1589 2193 1725 2258 quod

652 2266 894 2329 primum
924 2267 1149 2317 omnium
1180 2266 1407 2319 facturus
1436 2276 1547 2319 erat
1563 2267 1725 2318 Alex-

674 2341 856 2401 ander,
876 2349 932 2391 et
946 2342 1024 2392 bis
1046 2342 1253 2406 quidem
1275 2343 1512 2406 navibus,
1538 2352 1597 2393 ut
1623 2358 1726 2393 non

654 2415 883 2465 Curtius
904 2415 1078 2479 mode,
1108 2415 1199 2466 sed
1232 2424 1290 2466 et
1320 2417 1508 2467 Strabo
1538 2430 1589 2482 p.
1610 2420 1726 2467 741.

676 2489 984 2541 Plutarchus
1005 2491 1159 2541 Alex.
1182 2506 1232 2555 p.
1263 2496 1379 2543 708.
1400 2500 1455 2543 et
1476 2493 1729 2543 Arrianus

677 2563 769 2616 lib.
808 2579 911 2617 vn.
945 2581 1000 2631 p.
1031 2571 1148 2617 ⁴8⁶.
1177 2571 1292 2617 ⁴86.
1332 2568 1561 2618 tradunt.
1619 2567 1728 2616 Res

676 2641 808 2690 adeo
828 2648 913 2691 est
935 2641 1226 2703 manifesta,
1240 2648 1299 2691 ut
1316 2641 1430 2705 ipse
1443 2642 1510 2692 V.
1528 2641 1590 2691 C.
1614 2655 1727 2691 eam

678 2715 883 2771 viderit,
921 2714 1013 2764 sed
1048 2717 1194 2779 quasi
1235 2715 1457 2765 occlusis
1493 2716 1728 2768 consulto

677 2791 840 2841 oeulis
884 2789 1060 2839 videre
1095 2790 1337 2840 noluerit.
1385 2790 1579 2853 Operm
1613 2807 1728 2856 pre·

678 2864 807 2912 tium
829 2870 931 2926 est,
952 2869 1011 2913 ut
1032 2863 1191 2927 ipsius
1228 2863 1389 2914 rerba
1408 2865 1606 2915 -ordine
1641 2880 1730 2916 ex·

678 2937 961 2998 bibeamus,
1010 2937 1193 2987 nostris
1238 2951 1353 2987 eum
1396 2939 1563 2988 notis:
1615 2942 1632 2968 ⁸
1655 2940 1731 2991 At

680 3022 792 3058 eam
830 3010 1082 3074 classem,'
1118 3011 1305 3075 inquit,
1334 3015 1351 3042 ⁸
1375 3022 1609 3078 paratam
1647 3013 1730 3064 fu·

677 3083 780 3132 isse
812 3083 865 3132 in
897 3081 1120 3147 Arabas,
1155 3086 1335 3150 (immo
1366 3095 1423 3138 et
1454 3087 1521 3140 eis
1541 3088 1732 3140 ἃπασαν

678 3157 770 3218 τὴν
787 3158 1043 3223 παραλίαν,
1062 3167 1123 3210 ut
1141 3161 1215 3211 ait
1234 3163 1563 3228 Plutarchus,
1583 3181 1730 3230 eque

681 3246 743 3282 ac
774 3233 982 3284 Curtius
1000 3236 1017 3264 ⁸
1038 3235 1090 3284 in
1112 3249 1313 3288 omnem
1335 3239 1640 3290 maritimam
1665 3240 1730 3291 ad

681 3309 1021 3376 Orientem,')
1030 3309 1189 3361 docet
1208 3311 1476 3377 Arrianus,
1492 3314 1575 3379 (et
1588 3316 1732 3366 Stra·

680 3382 795 3449 bo.)
830 3385 1025 3436 Verum
1062 3386 1161 3436 hoe
1196 3386 1421 3440 fortasse
1453 3390 1565 3439 vult
1604 3391 1733 3440 Cur·

681 3460 785 3509 tius
816 3460 957 3512 hisee
989 3461 1179 3524 verbis,
1214 3463 1232 3490 ⁸
1255 3464 1411 3515 Omni
1446 3465 1513 3515 ad
1542 3463 1733 3516 Orien·

684 3539 790 3581 tem
846 3533 1101 3583 maritima
1150 3535 1360 3599 regione
1416 3539 1735 3600 perdomita,'

683 3605 868 3669 quibus
901 3607 1069 3656 verbis
1106 3608 1363 3674 designari
1396 3619 1571 3675 potest
1601 3614 1733 3663 Ara-

684 3677 811 3729 bia.'
840 3679 1147 3743 (Verissime
1168 3682 1221 3732 id
1242 3685 1406 3736 voluit
1422 3686 1657 3749 Curtius,
1679 3697 1734 3740 et

681 3753 761 3803 ita
792 3753 991 3804 invenit
1013 3756 1149 3819 apad
1180 3757 1431 3822 arecon
1460 3775 1579 3812 nam
1603 3763 1732 3814 Ara-

662 3829 770 3878 -bia
813 3829 1043 3880 restabat
1083 3829 1197 3881 fere
1242 3834 1349 3884 sola
1392 3848 1459 3884 ex
1493 3838 1631 3887 omni
1665 3838 1730 3889 ad

686 3902 953 3954 Orientem
999 3905 1250 3956 maritime
1300 3909 1528 3973 regione,
1582 3919 1732 3962 certe

684 3977 951 4043 precipua
967 3986 1081 4029 erat
1102 3993 1169 4029 ex
1190 3981 1269 4044 iis,
1291 3996 1407 4047 qun
1438 3983 1493 4034 in
1515 3983 1643 4037 Asia
1666 3986 1731 4037 ad

684 4066 828 4104 mue
842 4061 1145 4116 supererant
1161 4056 1522 4121 perdomanda.
1558 4060 1732 4124 Atque

686 4127 817 4177 adeo
856 4127 981 4177 satis
1021 4129 1211 4196 liquido
1258 4145 1437 4182 verum
1477 4133 1561 4185 hie
1602 4135 1735 4187 vidit

685 4203 781 4252 Vir
802 4201 915 4269 cl.)
944 4205 961 4236 ⁸
982 4205 1171 4258 Verum
1188 4205 1347 4272 digua
1367 4221 1447 4258 res
1464 4215 1597 4275 erat,
1615 4223 1733 4274 qun

1337 402 1555 452 80⁸1·AE
1602 400 2004 451 VARIORUM
2055 400 2134 449 m

1785 541 2016 606 pluribus
2039 546 2407 603 exponeretur,
2423 543 2484 589 ut
2506 537 2670 588 omnis
2684 537 2842 588 ambi-

1784 618 1951 682 guitas
1987 616 2289 667 tolleretur.'
2345 616 2477 682 (En,
2509 630 2610 680 quo
2644 614 2844 664 recidat

1785 694 1941 743 etiam
1977 694 2198 742 alterurn
2231 692 2356 741 iilud
2395 692 2410 721 ⁸
2437 692 2636 755 insigne
2673 704 2845 740 exem·

1787 770 1925 832 plum
1939 767 1958 789 ’
1979 769 2289 832 gravissima
2323 764 2690 831 accusationis,
2708 767 2845 833 quod

1788 843 1995 892 Curtius
2015 842 2170 891 ctiam
2195 842 2537 907 repugnantia
2570 856 2739 892 rerum
2759 856 2848 891 na-

1789 928 1919 967 turae
1945 918 2209 981 scripserit
2227 918 2267 980 Ξ)
2303 922 2319 947 ⁸
2344 918 2550 982 Alioqui
2575 932 2636 968 ea
2661 932 2850 982 pecca-

1789 994 1895 1043 vit·
1915 993 2046 1059 (non
2084 1007 2209 1057 ergo
2241 994 2498 1057 peccavit,
2534 1008 2690 1059 quum
2717 995 2734 1022 ⁸
2759 1006 2848 1043 vo-

1789 1068 1972 1119 luerit'
2006 1070 2186 1133 utique
2215 1068 2373 1130 idem,
2409 1068 2544 1133 quod
2576 1067 2850 1131 Arrianus,

1791 1151 1946 1208 atque
1990 1145 2076 1193 alii
2121 1144 2316 1205 Graeci,
2362 1144 2449 1208 qui
2488 1142 2730 1193 Arabiam
2765 1144 2850 1193 bie

1789 1220 2143 1287 nominarunt,
2187 1220 2282 1269 nisi
2323 1219 2458 1270 forte
2499 1221 2550 1269 in
2589 1234 2672 1282 eo,
2707 1220 2846 1286 quod

1791 1307 1892 1343 non
1928 1295 2053 1344 satis
2092 1296 2303 1358 copiose
2335 1310 2400 1345 ex
2440 1296 2698 1346 sententia
2736 1296 2852 1346 Viri

1793 1368 1874 1418 Cl.
1912 1384 2020 1419 rem
2060 1371 2380 1433 exposuerit,
2417 1377 2509 1420 aut
2550 1370 2848 1421 nominatim

1793 1444 2040 1495 Arabiam
2073 1459 2174 1496 non
2209 1446 2540 1510 expresserit.
2593 1447 2851 1498 Quorsum

1794 1532 1940 1582 ergo,
1977 1534 2094 1583 qum
2133 1521 2388 1585 sequitur,
2433 1521 2612 1586 iniqua
2641 1534 2854 1571 accusa-

1797 1592 1872 1642 tio
1890 1592 1935 1657 ?)
1968 1592 1984 1622 ‘
2009 1594 2215 1645 Curtius
2241 1596 2294 1644 in
2317 1594 2850 1660 Geograpbiam,quae

1794 1666 1946 1718 facile
1969 1669 2303 1732 persuadent,
2319 1684 2435 1719 eum
2457 1670 2762 1731 credidisse,
2783 1684 2851 1719 ex

1798 1742 2062 1806 Euphrate
2097 1758 2248 1806 posse
2285 1744 2587 1795 brevissima
2622 1744 2706 1794 via
2726 1744 2853 1795 Car-

1797 1817 2054 1881 thaginem
2085 1818 2354 1880 navigari!
2401 1818 2587 1882 (Patet
2627 1820 2751 1870 satis
2785 1824 2853 1869 ex‘

1797 1892 2169 1955 superioribus,
2193 1893 2376 1943 vidisse
2399 1893 2578 1942 Virum
2613 1894 2691 1943 ct.
2713 1896 2854 1958 quod

1798 1979 1974 2016 verum
2010 1974 2148 2029 erat,
2183 1967 2271 2017 sed
2312 1968 2566 2017 studuisse
2587 1969 2640 2018 id
2660 1970 2713 2019 in
2737 1984 2856 2034 spe-

1799 2040 1931 2090 eiem
1950 2040 2157 2091 absurdi
2174 2042 2519 2106 detorquerez
2554 2044 2706 2094 immo
2729 2059 2855 2095 vero

1799 2114 2020 2165 noluisse
2053 2130 2170 2168 eum
2211 2117 2408 2173 videre,
2451 2118 2588 2182 quod
2625 2118 2854 2185 videbat,

1799 2197 1852 2240 et
1889 2191 2149 2251 maluisse,
2187 2206 2290 2256 quo
2326 2194 2465 2256 jure,
2508 2207 2608 2258 qua
2651 2196 2859 2259 injuria,

1799 2266 2069 2327 exagitare
2090 2268 2343 2325 Curtium,
2370 2268 2422 2317 id
2448 2270 2644 2332 patebit
2657 2271 2768 2333 jam
2789 2288 2856 2321 ex

1799 2340 1864 2389 lis
1899 2356 2015 2405 quae
2053 2342 2304 2406 prioribus
2349 2343 2603 2409 subjicit.)
2655 2347 2672 2373 ⁸
2695 2346 2856 2396 Certe

1801 2417 1898 2466 hoe
1931 2430 2047 2465 eum
2081 2418 2302 2468 voluisse
2343 2418 2528 2468 suadet
2557 2420 2856 2486 magnitudo

1803 2492 2022 2549 navium,
2043 2507 2253 2557 quarum
2277 2494 2362 2544 bie
2399 2496 2662 2559 meminitg
2694 2498 2856 2560 majo-

1804 2566 1944 2616 ribus
1967 2570 2103 2619 enim
2135 2583 2235 2618 non
2270 2569 2506 2621 solebant
2529 2573 2683 2636 vulgo
2714 2573 2858 2622 nari-

1801 2656 1926 2705 gare
1947 2657 2087 2692 mare
2109 2645 2563 2704 mediterraneum,
2587 2661 2684 2698 nec
2714 2657 2854 2712 apim

1800 2725 1952 2768 erant
1988 2719 2270 2782 Euphratis
2306 2728 2361 2770 et
2397 2721 2625 2786 Tigridis
2659 2722 2857 2772 alveis!

1801 2792 2078 2843 Postrema
2099 2795 2237 2844 enim
2273 2795 2402 2852 lioec,
2439 2813 2552 2862 quoe
2589 2797 2858 2848 continent

1801 2869 1946 2933 quasi
1985 2869 2338 2932 probationem
2375 2873 2566 2922 erroris
2601 2865 2856 2929 Curtiani.

1799 2943 2004 2995 abunde
2019 2945 2242 2996 refutavi
2252 2949 2306 2997 in
2317 2947 2680 3012 superioribus.
2716 2948 2857 3001 Quid

1801 3017 2012 3069 Curtius
2031 3023 2048 3050 ⁸
2068 3029 2214 3071 certe
2249 3021 2510 3083 voluerit:
2529 3021 2581 3071 id
2601 3023 2768 3086 liquet
2790 3037 2860 3073 ex

1801 3107 1858 3144 re
1883 3093 2016 3158 ipsa,
2052 3110 2118 3144 ex
2140 3109 2390 3145 consensu
2424 3095 2634 3144 aliorum
2661 3094 2858 3147 Aucto-

1803 3181 1934 3226 rum,
1956 3169 2180 3234 denique
2209 3185 2276 3220 ex
2296 3169 2618 3220 confessione
2639 3171 2752 3220 Viri
2775 3173 2860 3222 Cl.

1804 3243 1878 3294 At
1917 3246 1991 3295 ita
2032 3245 2194 3309 liquet
2233 3247 2390 3296 etiam
2429 3245 2760 3295 clarissimum
2803 3247 2860 3296 in

1803 3319 2031 3382 modum,
2059 3323 2076 3349 ⁸
2099 3318 2324 3385 duplex'
2359 3323 2457 3372 hoe
2496 3322 2512 3350 ⁸
2537 3321 2733 3384 insigne
2765 3335 2857 3371 ex-

1804 3396 2026 3460 emplum
2043 3393 2060 3417 '
2083 3395 2208 3444 nibil
2229 3395 2422 3445 habere
2453 3396 2585 3460 eJus,
2607 3395 2743 3460 quod
2768 3396 2857 3446 ba-

1803 3466 1926 3518 bere
1952 3468 2196 3528 debebat,
2218 3469 2460 3533 quodque
2495 3484 2678 3533 magno
2711 3469 2858 3522 biatu

1802 3547 1916 3590 erat
1939 3542 2262 3606 promissum,
2284 3544 2380 3593 boe
2397 3551 2497 3607 est,
2519 3546 2645 3595 nibil
2662 3545 2856 3595 habere

1805 3613 2032 3679 absurdi,
2063 3615 2192 3665 nihil
2231 3617 2383 3668 aiieni
2408 3634 2438 3667 a
2462 3633 2583 3668 vero
2614 3626 2705 3669 aut
2729 3621 2860 3670 veri·

1804 3689 1973 3752 simili,
1994 3689 2122 3740 nibil
2141 3704 2309 3741 rerum
2327 3697 2525 3742 naturas
2544 3706 2854 3757 repugnans.

1803 3763 1900 3812 Cui
1921 3777 2046 3828 ergo
2086 3765 2161 3814 rei
2186 3766 2394 3829 rectius,
2425 3767 2469 3816 sl
2501 3781 2676 3819 rerum
2713 3769 2855 3818 rolu-

1801 3851 1937 3902 mns,
1971 3840 1988 3868 ⁸
2007 3839 2237 3903 insigne'
2272 3840 2398 3890 illud
2432 3841 2858 3907 comparabimus,

1801 3914 1897 3964 nisi
1935 3916 2240 3979 parturienti
2279 3915 2464 3979 monti,
2497 3915 2637 3966 unde
2668 3917 2855 3974 nullus.

1801 4003 1868 4038 ne
1901 3990 2135 4040 minimus
2170 3989 2396 4056 quidem,
2429 3991 2682 4054 prodierit
2707 3993 2854 4042 mus?

1802 4066 2084 4117 Per-imissa
2109 4067 2247 4117 Cart.
2275 4065 2462 4117 Vindia.
2479 4080 2535 4131 p.
2555 4070 2669 4118 106.
2687 4080 2835 4132 seqq.

1874 4141 2186 4205 nupseram]
2219 4141 2304 4190 ita
2325 4140 2594 4205 legendum
2627 4139 2756 4191 vidit
2783 4155 2852 4192 ex

1803 4213 2058 4267 Strabone
2088 4215 2178 4268 lib.
2215 4227 2273 4267 x.
2307 4225 2366 4268 et
2392 4215 2612 4267 Arriano
2644 4227 2708 4269 ιι.
2731 4219 2783 4268 8.
2803 4220 2856 4270 7.
