<?xml version="1.0" encoding="UTF-8"?>
<!DOCTYPE html PUBLIC "-//W3C//DTD XHTML 1.0 Transitional//EN"
    "http://www.w3.org/TR/xhtml1/DTD/xhtml1-transitional.dtd">
<html xmlns="http://www.w3.org/1999/xhtml" xml:lang="en" lang="en">
 <head>
  <title>
</title>
<meta http-equiv="Content-Type" content="text/html;charset=utf-8" />
  <meta name='ocr-system' content='tesseract 3.04.00' />
  <meta name='ocr-capabilities' content='ocr_page ocr_carea ocr_par ocr_line ocrx_word'/>
</head>
<body>
  <div class='ocr_page' id='page_1' title='image "./quinticurtiiruf04rufugoog_0330.png"; bbox 0 0 3222 4944; ppageno 0'>
   <div class='ocr_carea' id='block_1_1' title="bbox 603 394 2141 467">
    <p class='ocr_par' dir='ltr' id='par_1_1' title="bbox 603 394 2141 467">
     <span class='ocr_line' id='line_1_1' title="bbox 603 394 2141 467; baseline -0.001 -12"><span class='ocrx_word' id='word_1_1' title='bbox 603 394 779 467; x_wconf 76' lang='grc'><strong>1568</strong></span> <span class='ocrx_word' id='word_1_2' title='bbox 1232 407 1403 457; x_wconf 70' lang='lat' dir='ltr'><strong>cun.</strong></span> <span class='ocrx_word' id='word_1_3' title='bbox 1452 406 1842 457; x_wconf 71' lang='lat' dir='ltr'><strong>sunnonis</strong></span> <span class='ocrx_word' id='word_1_4' title='bbox 1884 406 2141 457; x_wconf 72' lang='lat' dir='ltr'><strong>suern.</strong></span> 
     </span>
    </p>
   </div>
   <div class='ocr_carea' id='block_1_2' title="bbox 594 556 2785 4276">
    <p class='ocr_par' dir='ltr' id='par_1_2' title="bbox 594 556 2785 4276">
     <span class='ocr_line' id='line_1_2' title="bbox 606 556 2774 637; baseline -0.002 -14"><span class='ocrx_word' id='word_1_5' title='bbox 606 562 772 623; x_wconf 78' lang='lat' dir='ltr'><strong>saliae</strong></span> <span class='ocrx_word' id='word_1_6' title='bbox 822 560 1082 631; x_wconf 88' lang='lat' dir='ltr'><strong>decreto,</strong></span> <span class='ocrx_word' id='word_1_7' title='bbox 1122 559 1414 619; x_wconf 75' lang='lat' dir='ltr'><strong>universae</strong></span> <span class='ocrx_word' id='word_1_8' title='bbox 1464 557 1660 637; x_wconf 87' lang='lat' dir='ltr'><strong>gentis</strong></span> <span class='ocrx_word' id='word_1_9' title='bbox 1687 556 1810 615; x_wconf 86' lang='lat' dir='ltr'><strong>dux</strong></span> <span class='ocrx_word' id='word_1_10' title='bbox 1837 564 2154 629; x_wconf 73' lang='lat' dir='ltr'><strong>crearetur,</strong></span> <span class='ocrx_word' id='word_1_11' title='bbox 2175 556 2490 634; x_wconf 75' lang='lat' dir='ltr'>omniaque</span> <span class='ocrx_word' id='word_1_12' title='bbox 2516 558 2774 635; x_wconf 84' lang='lat' dir='ltr'><strong>vectiga-</strong></span> 
     </span>
     <span class='ocr_line' id='line_1_3' title="bbox 604 651 2776 736; baseline -0.002 -21"><span class='ocrx_word' id='word_1_13' title='bbox 604 657 684 718; x_wconf 90' lang='lat' dir='ltr'><strong>lia</strong></span> <span class='ocrx_word' id='word_1_14' title='bbox 710 670 887 736; x_wconf 90' lang='lat' dir='ltr'><strong>atque</strong></span> <span class='ocrx_word' id='word_1_15' title='bbox 910 656 1129 715; x_wconf 88' lang='lat' dir='ltr'><strong>reditus</strong></span> <span class='ocrx_word' id='word_1_16' title='bbox 1160 673 1299 715; x_wconf 87' lang='lat' dir='ltr'><strong>suos</strong></span> <span class='ocrx_word' id='word_1_17' title='bbox 1320 656 1375 713; x_wconf 86' lang='lat' dir='ltr'><strong>ei</strong></span> <span class='ocrx_word' id='word_1_18' title='bbox 1397 653 1718 714; x_wconf 79' lang='lat' dir='ltr'><strong>traderent.</strong></span> <span class='ocrx_word' id='word_1_19' title='bbox 1805 653 2002 711; x_wconf 85' lang='lat' dir='ltr'><strong>Tanta</strong></span> <span class='ocrx_word' id='word_1_20' title='bbox 2029 662 2226 712; x_wconf 89' lang='lat' dir='ltr'><strong>autem</strong></span> <span class='ocrx_word' id='word_1_21' title='bbox 2255 652 2315 710; x_wconf 90' lang='lat' dir='ltr'><strong>in</strong></span> <span class='ocrx_word' id='word_1_22' title='bbox 2335 651 2553 729; x_wconf 83' lang='lat' dir='ltr'><strong>juvene</strong></span> <span class='ocrx_word' id='word_1_23' title='bbox 2569 652 2776 713; x_wconf 84' lang='lat' dir='ltr'><strong>celeri-</strong></span> 
     </span>
     <span class='ocr_line' id='line_1_4' title="bbox 604 746 2776 830; baseline -0.001 -18"><span class='ocrx_word' id='word_1_24' title='bbox 604 764 719 825; x_wconf 65' lang='lat' dir='ltr'><strong>taS,</strong></span> <span class='ocrx_word' id='word_1_25' title='bbox 740 762 979 830; x_wconf 88' lang='lat' dir='ltr'><strong>tamque</strong></span> <span class='ocrx_word' id='word_1_26' title='bbox 998 751 1208 811; x_wconf 85' lang='lat' dir='ltr'><strong>efficax</strong></span> <span class='ocrx_word' id='word_1_27' title='bbox 1234 748 1292 809; x_wconf 89' lang='lat' dir='ltr'><strong>in</strong></span> <span class='ocrx_word' id='word_1_28' title='bbox 1309 750 1486 810; x_wconf 88' lang='lat' dir='ltr'><strong>rebus</strong></span> <span class='ocrx_word' id='word_1_29' title='bbox 1514 746 1762 828; x_wconf 84' lang='lat' dir='ltr'><strong>agendis</strong></span> <span class='ocrx_word' id='word_1_30' title='bbox 1791 746 2121 826; x_wconf 84' lang='lat' dir='ltr'><strong>diligentia,</strong></span> <span class='ocrx_word' id='word_1_31' title='bbox 2149 764 2358 807; x_wconf 88' lang='lat' dir='ltr'><strong>omnes</strong></span> <span class='ocrx_word' id='word_1_32' title='bbox 2383 747 2486 827; x_wconf 88' lang='lat' dir='ltr'><strong>qui</strong></span> <span class='ocrx_word' id='word_1_33' title='bbox 2505 767 2610 827; x_wconf 90' lang='lat' dir='ltr'><strong>per</strong></span> <span class='ocrx_word' id='word_1_34' title='bbox 2631 766 2776 809; x_wconf 79' lang='lat' dir='ltr'><strong>con·</strong></span> 
     </span>
     <span class='ocr_line' id='line_1_5' title="bbox 602 842 2779 923; baseline -0 -16"><span class='ocrx_word' id='word_1_35' title='bbox 602 857 847 907; x_wconf 83' lang='lat' dir='ltr'><strong>temtum</strong></span> <span class='ocrx_word' id='word_1_36' title='bbox 898 848 974 905; x_wconf 90' lang='lat' dir='ltr'><strong>ab</strong></span> <span class='ocrx_word' id='word_1_37' title='bbox 1021 864 1093 905; x_wconf 90' lang='lat' dir='ltr'><strong>eo</strong></span> <span class='ocrx_word' id='word_1_38' title='bbox 1138 856 1308 905; x_wconf 88' lang='lat' dir='ltr'><strong>erant</strong></span> <span class='ocrx_word' id='word_1_39' title='bbox 1346 844 1603 915; x_wconf 87' lang='lat' dir='ltr'><strong>alienati,</strong></span> <span class='ocrx_word' id='word_1_40' title='bbox 1653 842 2074 923; x_wconf 80' lang='lat' dir='ltr'><strong>perterrefecit.</strong></span> <span class='ocrx_word' id='word_1_41' title='bbox 2153 842 2546 905; x_wconf 86' lang='lat' dir='ltr'><strong>Athenienses</strong></span> <span class='ocrx_word' id='word_1_42' title='bbox 2575 843 2779 922; x_wconf 88' lang='lat' dir='ltr'><strong>itaque</strong></span> 
     </span>
     <span class='ocr_line' id='line_1_6' title="bbox 604 938 2781 1021; baseline -0.001 -18"><span class='ocrx_word' id='word_1_43' title='bbox 604 942 777 1003; x_wconf 87' lang='lat' dir='ltr'><strong>sicuti</strong></span> <span class='ocrx_word' id='word_1_44' title='bbox 804 942 973 1021; x_wconf 84' lang='lat' dir='ltr'><strong>primi</strong></span> <span class='ocrx_word' id='word_1_45' title='bbox 997 940 1363 1013; x_wconf 85' lang='lat' dir='ltr'><strong>defecerunt,</strong></span> <span class='ocrx_word' id='word_1_46' title='bbox 1402 941 1487 1000; x_wconf 87' lang='lat' dir='ltr'><strong>ita</strong></span> <span class='ocrx_word' id='word_1_47' title='bbox 1509 939 1688 1002; x_wconf 89' lang='lat' dir='ltr'><strong>etiam</strong></span> <span class='ocrx_word' id='word_1_48' title='bbox 1719 938 1894 1019; x_wconf 89' lang='lat' dir='ltr'><strong>primi</strong></span> <span class='ocrx_word' id='word_1_49' title='bbox 1929 938 2214 1019; x_wconf 83' lang='lat' dir='ltr'><strong>poenitere</strong></span> <span class='ocrx_word' id='word_1_50' title='bbox 2231 950 2556 1019; x_wconf 74' lang='lat' dir='ltr'><strong>coeperunt,</strong></span> <span class='ocrx_word' id='word_1_51' title='bbox 2583 943 2781 1020; x_wconf 88' lang='lat' dir='ltr'><strong>pueri·</strong></span> 
     </span>
     <span class='ocr_line' id='line_1_7' title="bbox 604 1034 2777 1115; baseline -0.001 -16"><span class='ocrx_word' id='word_1_52' title='bbox 604 1039 744 1099; x_wconf 87' lang='lat' dir='ltr'><strong>tiam</strong></span> <span class='ocrx_word' id='word_1_53' title='bbox 764 1036 1107 1107; x_wconf 82' lang='lat' dir='ltr'><strong>Alexandri,</strong></span> <span class='ocrx_word' id='word_1_54' title='bbox 1132 1047 1308 1096; x_wconf 85' lang='lat' dir='ltr'><strong>antea</strong></span> <span class='ocrx_word' id='word_1_55' title='bbox 1336 1045 1611 1115; x_wconf 88' lang='lat' dir='ltr'><strong>spretam,</strong></span> <span class='ocrx_word' id='word_1_56' title='bbox 1631 1054 1810 1114; x_wconf 86' lang='lat' dir='ltr'><strong>supra</strong></span> <span class='ocrx_word' id='word_1_57' title='bbox 1836 1035 2106 1095; x_wconf 87' lang='lat' dir='ltr'><strong>virtutem</strong></span> <span class='ocrx_word' id='word_1_58' title='bbox 2132 1043 2394 1096; x_wconf 78' lang='lat' dir='ltr'><strong>veterum</strong></span> <span class='ocrx_word' id='word_1_59' title='bbox 2421 1034 2642 1095; x_wconf 88' lang='lat' dir='ltr'><strong>ducum</strong></span> <span class='ocrx_word' id='word_1_60' title='bbox 2671 1056 2777 1096; x_wconf 86' lang='lat' dir='ltr'><strong>ex-</strong></span> 
     </span>
     <span class='ocr_line' id='line_1_8' title="bbox 598 1129 2774 1211; baseline -0 -17"><span class='ocrx_word' id='word_1_61' title='bbox 598 1134 923 1194; x_wconf 70' lang='lat' dir='ltr'><strong>tollentes:</strong></span> <span class='ocrx_word' id='word_1_62' title='bbox 962 1132 1279 1211; x_wconf 76' lang='lat' dir='ltr'><strong>missisque</strong></span> <span class='ocrx_word' id='word_1_63' title='bbox 1322 1132 1535 1211; x_wconf 84' lang='lat' dir='ltr'><strong>legatis</strong></span> <span class='ocrx_word' id='word_1_64' title='bbox 1575 1130 1800 1191; x_wconf 88' lang='lat' dir='ltr'><strong>bellum</strong></span> <span class='ocrx_word' id='word_1_65' title='bbox 1827 1129 2323 1211; x_wconf 83' lang='lat' dir='ltr'><strong>deprecabantur.</strong></span> <span class='ocrx_word' id='word_1_66' title='bbox 2401 1131 2634 1201; x_wconf 77' lang='lat' dir='ltr'><strong>Quibus</strong></span> <span class='ocrx_word' id='word_1_67' title='bbox 2665 1149 2774 1193; x_wconf 87' lang='lat' dir='ltr'><strong>au-</strong></span> 
     </span>
     <span class='ocr_line' id='line_1_9' title="bbox 602 1226 2778 1308; baseline 0 -19"><span class='ocrx_word' id='word_1_68' title='bbox 602 1230 745 1289; x_wconf 86' lang='lat' dir='ltr'><strong>ditis</strong></span> <span class='ocrx_word' id='word_1_69' title='bbox 782 1238 845 1289; x_wconf 89' lang='lat' dir='ltr'><strong>et</strong></span> <span class='ocrx_word' id='word_1_70' title='bbox 890 1228 1145 1307; x_wconf 85' lang='lat' dir='ltr'><strong>graviter</strong></span> <span class='ocrx_word' id='word_1_71' title='bbox 1184 1228 1521 1308; x_wconf 88' lang='lat' dir='ltr'><strong>increpatis,</strong></span> <span class='ocrx_word' id='word_1_72' title='bbox 1560 1226 1782 1288; x_wconf 89' lang='lat' dir='ltr'><strong>bellum</strong></span> <span class='ocrx_word' id='word_1_73' title='bbox 1809 1227 2052 1289; x_wconf 79' lang='lat' dir='ltr'><strong>remisit.</strong></span> <span class='ocrx_word' id='word_1_74' title='bbox 2139 1228 2210 1287; x_wconf 90' lang='lat' dir='ltr'><strong>In</strong></span> <span class='ocrx_word' id='word_1_75' title='bbox 2229 1246 2306 1288; x_wconf 91' lang='lat' dir='ltr'><strong>ea</strong></span> <span class='ocrx_word' id='word_1_76' title='bbox 2325 1226 2625 1305; x_wconf 73' lang='lat' dir='ltr'><strong>legatione</strong></span> <span class='ocrx_word' id='word_1_77' title='bbox 2657 1228 2778 1289; x_wconf 87' lang='lat' dir='ltr'><strong>De-</strong></span> 
     </span>
     <span class='ocr_line' id='line_1_10' title="bbox 602 1322 2778 1403; baseline -0 -19"><span class='ocrx_word' id='word_1_78' title='bbox 602 1324 973 1385; x_wconf 86' lang='lat' dir='ltr'><strong>mosthenem</strong></span> <span class='ocrx_word' id='word_1_79' title='bbox 1012 1342 1245 1403; x_wconf 89' lang='lat' dir='ltr'><strong>quoque</strong></span> <span class='ocrx_word' id='word_1_80' title='bbox 1293 1323 1476 1384; x_wconf 75' lang='lat' dir='ltr'><strong>fuisse</strong></span> <span class='ocrx_word' id='word_1_81' title='bbox 1502 1324 1722 1396; x_wconf 85' lang='lat' dir='ltr'><strong>ferunt,</strong></span> <span class='ocrx_word' id='word_1_82' title='bbox 1741 1322 1847 1383; x_wconf 89' lang='lat' dir='ltr'><strong>sed</strong></span> <span class='ocrx_word' id='word_1_83' title='bbox 1873 1342 2008 1383; x_wconf 90' lang='lat' dir='ltr'><strong>cum</strong></span> <span class='ocrx_word' id='word_1_84' title='bbox 2035 1322 2248 1385; x_wconf 80' lang='lat' dir='ltr'><strong>ceteris</strong></span> <span class='ocrx_word' id='word_1_85' title='bbox 2273 1322 2352 1383; x_wconf 88' lang='lat' dir='ltr'><strong>ad</strong></span> <span class='ocrx_word' id='word_1_86' title='bbox 2376 1322 2778 1384; x_wconf 82' lang='lat' dir='ltr'><strong>Alexandrum</strong></span> 
     </span>
     <span class='ocr_line' id='line_1_11' title="bbox 594 1418 2780 1501; baseline 0 -22"><span class='ocrx_word' id='word_1_87' title='bbox 594 1418 724 1480; x_wconf 84' lang='lat' dir='ltr'><strong>&#39;non</strong></span> <span class='ocrx_word' id='word_1_88' title='bbox 753 1419 1023 1500; x_wconf 82' lang='lat' dir='ltr'><strong>pervenit</strong></span> <span class='ocrx_word' id='word_1_89' title='bbox 1050 1438 1067 1481; x_wconf 74' lang='lat' dir='ltr'><strong><em>z</em></strong></span> <span class='ocrx_word' id='word_1_90' title='bbox 1110 1418 1401 1498; x_wconf 86' lang='lat' dir='ltr'><strong>siquidem</strong></span> <span class='ocrx_word' id='word_1_91' title='bbox 1429 1439 1468 1480; x_wconf 90' lang='lat' dir='ltr'><strong>a</strong></span> <span class='ocrx_word' id='word_1_92' title='bbox 1496 1420 1836 1501; x_wconf 81' lang='lat' dir='ltr'><strong>cytherone</strong></span> <span class='ocrx_word' id='word_1_93' title='bbox 1863 1420 2133 1481; x_wconf 82' lang='lat' dir='ltr'><strong>Athenas</strong></span> <span class='ocrx_word' id='word_1_94' title='bbox 2161 1438 2432 1481; x_wconf 80' lang='lat' dir='ltr'><strong>reversus</strong></span> <span class='ocrx_word' id='word_1_95' title='bbox 2473 1430 2605 1481; x_wconf 82' lang='lat' dir='ltr'><strong>est:</strong></span> <span class='ocrx_word' id='word_1_96' title='bbox 2654 1421 2780 1480; x_wconf 78' lang='lat' dir='ltr'><strong>sive</strong></span> 
     </span>
     <span class='ocr_line' id='line_1_12' title="bbox 600 1514 2776 1596; baseline 0 -21"><span class='ocrx_word' id='word_1_97' title='bbox 600 1526 909 1596; x_wconf 89' lang='lat' dir='ltr'><strong>correptus</strong></span> <span class='ocrx_word' id='word_1_98' title='bbox 936 1516 1168 1590; x_wconf 89' lang='lat' dir='ltr'><strong>timore,</strong></span> <span class='ocrx_word' id='word_1_99' title='bbox 1194 1516 1355 1595; x_wconf 87' lang='lat' dir='ltr'><strong>quod</strong></span> <span class='ocrx_word' id='word_1_100' title='bbox 1386 1516 1722 1595; x_wconf 82' lang='lat' dir='ltr'><strong>frequenter</strong></span> <span class='ocrx_word' id='word_1_101' title='bbox 1746 1514 2086 1596; x_wconf 84' lang='lat' dir='ltr'><strong>Philippum</strong></span> <span class='ocrx_word' id='word_1_102' title='bbox 2111 1534 2248 1577; x_wconf 81' lang='lat' dir='ltr'><strong>cum</strong></span> <span class='ocrx_word' id='word_1_103' title='bbox 2289 1515 2414 1576; x_wconf 86' lang='lat' dir='ltr'><strong>suis</strong></span> <span class='ocrx_word' id='word_1_104' title='bbox 2449 1516 2776 1596; x_wconf 70' lang='lat' dir='ltr'><strong>vituperas—</strong></span> 
     </span>
     <span class='ocr_line' id='line_1_13' title="bbox 603 1610 2780 1693; baseline 0 -22"><span class='ocrx_word' id='word_1_105' title='bbox 603 1622 717 1683; x_wconf 85' lang='lat' dir='ltr'><strong>set,</strong></span> <span class='ocrx_word' id='word_1_106' title='bbox 766 1624 945 1691; x_wconf 86' lang='lat' dir='ltr'><strong>atque</strong></span> <span class='ocrx_word' id='word_1_107' title='bbox 972 1612 1029 1671; x_wconf 88' lang='lat' dir='ltr'><strong>in</strong></span> <span class='ocrx_word' id='word_1_108' title='bbox 1062 1632 1173 1673; x_wconf 88' lang='lat' dir='ltr'><strong>sua</strong></span> <span class='ocrx_word' id='word_1_109' title='bbox 1201 1614 1351 1693; x_wconf 86' lang='lat' dir='ltr'><strong>Rep.</strong></span> <span class='ocrx_word' id='word_1_110' title='bbox 1380 1622 1590 1673; x_wconf 87' lang='lat' dir='ltr'><strong>contra</strong></span> <span class='ocrx_word' id='word_1_111' title='bbox 1617 1610 1983 1673; x_wconf 82' lang='lat' dir='ltr'><strong>Macedones</strong></span> <span class='ocrx_word' id='word_1_112' title='bbox 2009 1613 2192 1673; x_wconf 78' lang='lat' dir='ltr'><strong>verba</strong></span> <span class='ocrx_word' id='word_1_113' title='bbox 2237 1611 2500 1685; x_wconf 77' lang='lat' dir='ltr'><strong>fecisset,</strong></span> <span class='ocrx_word' id='word_1_114' title='bbox 2543 1612 2668 1672; x_wconf 84' lang='lat' dir='ltr'><strong>sive</strong></span> <span class='ocrx_word' id='word_1_115' title='bbox 2711 1623 2780 1671; x_wconf 86' lang='lat' dir='ltr'><strong>ut</strong></span> 
     </span>
     <span class='ocr_line' id='line_1_14' title="bbox 602 1706 2778 1787; baseline 0 -21"><span class='ocrx_word' id='word_1_116' title='bbox 602 1708 729 1787; x_wconf 79' lang='lat' dir='ltr'><strong>regi</strong></span> <span class='ocrx_word' id='word_1_117' title='bbox 768 1708 1079 1769; x_wconf 83' lang='lat' dir='ltr'><strong>Persarum</strong></span> <span class='ocrx_word' id='word_1_118' title='bbox 1127 1712 1191 1785; x_wconf 88' lang='lat' dir='ltr'><strong>(a</strong></span> <span class='ocrx_word' id='word_1_119' title='bbox 1234 1726 1353 1786; x_wconf 88' lang='lat' dir='ltr'><strong>quo</strong></span> <span class='ocrx_word' id='word_1_120' title='bbox 1407 1726 1686 1786; x_wconf 87' lang='lat' dir='ltr'><strong>magnam</strong></span> <span class='ocrx_word' id='word_1_121' title='bbox 1735 1707 1865 1767; x_wconf 86' lang='lat' dir='ltr'><strong>auri</strong></span> <span class='ocrx_word' id='word_1_122' title='bbox 1911 1725 2224 1780; x_wconf 86' lang='lat' dir='ltr'><strong>summam,</strong></span> <span class='ocrx_word' id='word_1_123' title='bbox 2261 1720 2332 1769; x_wconf 85' lang='lat' dir='ltr'><strong>ut</strong></span> <span class='ocrx_word' id='word_1_124' title='bbox 2377 1706 2778 1768; x_wconf 79' lang='lat' dir='ltr'><strong>Macedonum</strong></span> 
     </span>
     <span class='ocr_line' id='line_1_15' title="bbox 598 1802 2780 1883; baseline 0 -20"><span class='ocrx_word' id='word_1_125' title='bbox 598 1822 849 1863; x_wconf 83' lang='lat' dir='ltr'><strong>causam</strong></span> <span class='ocrx_word' id='word_1_126' title='bbox 890 1815 1282 1883; x_wconf 80' lang='lat' dir='ltr'><strong>oppugnaret,</strong></span> <span class='ocrx_word' id='word_1_127' title='bbox 1327 1802 1633 1882; x_wconf 88' lang='lat' dir='ltr'><strong>accepisse</strong></span> <span class='ocrx_word' id='word_1_128' title='bbox 1675 1802 2010 1877; x_wconf 81' lang='lat' dir='ltr'><strong>dicebatur)</strong></span> <span class='ocrx_word' id='word_1_129' title='bbox 2035 1820 2268 1863; x_wconf 89' lang='lat' dir='ltr'><strong>omnem</strong></span> <span class='ocrx_word' id='word_1_130' title='bbox 2295 1802 2374 1862; x_wconf 90' lang='lat' dir='ltr'><strong>de</strong></span> <span class='ocrx_word' id='word_1_131' title='bbox 2400 1823 2466 1864; x_wconf 86' lang='lat' dir='ltr'><strong>se</strong></span> <span class='ocrx_word' id='word_1_132' title='bbox 2492 1803 2780 1882; x_wconf 84' lang='lat' dir='ltr'><strong>suspicio·</strong></span> 
     </span>
     <span class='ocr_line' id='line_1_16' title="bbox 604 1898 2778 1979; baseline 0 -22"><span class='ocrx_word' id='word_1_133' title='bbox 604 1917 741 1957; x_wconf 89' lang='lat' dir='ltr'><strong>nem</strong></span> <span class='ocrx_word' id='word_1_134' title='bbox 763 1899 1061 1959; x_wconf 84' lang='lat' dir='ltr'><strong>eximeret.</strong></span> <span class='ocrx_word' id='word_1_135' title='bbox 1148 1899 1283 1957; x_wconf 91' lang='lat' dir='ltr'><strong>Hoc</strong></span> <span class='ocrx_word' id='word_1_136' title='bbox 1310 1918 1547 1977; x_wconf 88' lang='lat' dir='ltr'><strong>quoque</strong></span> <span class='ocrx_word' id='word_1_137' title='bbox 1586 1898 1700 1979; x_wconf 89' lang='lat' dir='ltr'><strong>ipsi</strong></span> <span class='ocrx_word' id='word_1_138' title='bbox 1731 1899 1807 1958; x_wconf 87' lang='lat' dir='ltr'><strong>ab</strong></span> <span class='ocrx_word' id='word_1_139' title='bbox 1833 1898 2118 1959; x_wconf 82' lang='lat' dir='ltr'><strong>AEsehine</strong></span> <span class='ocrx_word' id='word_1_140' title='bbox 2147 1898 2562 1977; x_wconf 81' lang='lat' dir='ltr'><strong>exprobratum</strong></span> <span class='ocrx_word' id='word_1_141' title='bbox 2591 1898 2778 1970; x_wconf 86' lang='lat' dir='ltr'><strong>aiunt,</strong></span> 
     </span>
     <span class='ocr_line' id='line_1_17' title="bbox 602 1992 2779 2075; baseline 0.001 -22"><span class='ocrx_word' id='word_1_142' title='bbox 602 1995 705 2074; x_wconf 90' lang='lat' dir='ltr'><strong>qui</strong></span> <span class='ocrx_word' id='word_1_143' title='bbox 728 1994 789 2053; x_wconf 89' lang='lat' dir='ltr'><strong>in</strong></span> <span class='ocrx_word' id='word_1_144' title='bbox 820 1994 1085 2054; x_wconf 89' lang='lat' dir='ltr'><strong>oratione</strong></span> <span class='ocrx_word' id='word_1_145' title='bbox 1115 1993 1375 2072; x_wconf 87' lang='lat' dir='ltr'><strong>quadam</strong></span> <span class='ocrx_word' id='word_1_146' title='bbox 1400 1994 1477 2055; x_wconf 92' lang='lat' dir='ltr'><strong>de</strong></span> <span class='ocrx_word' id='word_1_147' title='bbox 1504 1993 1766 2073; x_wconf 86' lang='lat' dir='ltr'><strong>acceptis</strong></span> <span class='ocrx_word' id='word_1_148' title='bbox 1793 1992 2136 2054; x_wconf 84' lang='lat' dir='ltr'><strong>muneribus</strong></span> <span class='ocrx_word' id='word_1_149' title='bbox 2177 1994 2262 2055; x_wconf 84' lang='lat' dir='ltr'><strong>ita</strong></span> <span class='ocrx_word' id='word_1_150' title='bbox 2300 1993 2479 2055; x_wconf 86' lang='lat' dir='ltr'><strong>dicit:</strong></span> <span class='ocrx_word' id='word_1_151' title='bbox 2525 1995 2596 2053; x_wconf 87' lang='lat' dir='ltr'><strong>In</strong></span> <span class='ocrx_word' id='word_1_152' title='bbox 2621 2014 2779 2075; x_wconf 75' lang='lat' dir='ltr'><strong>prte-</strong></span> 
     </span>
     <span class='ocr_line' id='line_1_18' title="bbox 604 2088 2785 2169; baseline 0.001 -20"><span class='ocrx_word' id='word_1_153' title='bbox 604 2108 746 2150; x_wconf 87' lang='lat' dir='ltr'><strong>sens</strong></span> <span class='ocrx_word' id='word_1_154' title='bbox 790 2108 935 2149; x_wconf 88' lang='lat' dir='ltr'><strong>sane</strong></span> <span class='ocrx_word' id='word_1_155' title='bbox 962 2089 1187 2169; x_wconf 88' lang='lat' dir='ltr'><strong>regium</strong></span> <span class='ocrx_word' id='word_1_156' title='bbox 1218 2109 1423 2150; x_wconf 88' lang='lat' dir='ltr'><strong>aurum</strong></span> <span class='ocrx_word' id='word_1_157' title='bbox 1452 2100 1684 2149; x_wconf 79' lang='lat' dir='ltr'><strong>sumtus</strong></span> <span class='ocrx_word' id='word_1_158' title='bbox 1713 2088 1852 2150; x_wconf 87' lang='lat' dir='ltr'><strong>huic</strong></span> <span class='ocrx_word' id='word_1_159' title='bbox 1879 2088 2240 2168; x_wconf 86' lang='lat' dir='ltr'><strong>suppeditat.</strong></span> <span class='ocrx_word' id='word_1_160' title='bbox 2324 2090 2442 2152; x_wconf 90' lang='lat' dir='ltr'><strong>Sed</strong></span> <span class='ocrx_word' id='word_1_161' title='bbox 2471 2090 2590 2153; x_wconf 85' lang='lat' dir='ltr'><strong>hoc</strong></span> <span class='ocrx_word' id='word_1_162' title='bbox 2613 2092 2785 2152; x_wconf 89' lang='lat' dir='ltr'><strong>dein·</strong></span> 
     </span>
     <span class='ocr_line' id='line_1_19' title="bbox 600 2183 2782 2265; baseline 0.001 -19"><span class='ocrx_word' id='word_1_163' title='bbox 600 2204 748 2265; x_wconf 86' lang='lat' dir='ltr'><strong>ceps</strong></span> <span class='ocrx_word' id='word_1_164' title='bbox 784 2183 945 2245; x_wconf 88' lang='lat' dir='ltr'><strong>haud</strong></span> <span class='ocrx_word' id='word_1_165' title='bbox 972 2185 1247 2257; x_wconf 84' lang='lat' dir='ltr'><strong>sufficiet,</strong></span> <span class='ocrx_word' id='word_1_166' title='bbox 1272 2204 1409 2245; x_wconf 89' lang='lat' dir='ltr'><strong>cum</strong></span> <span class='ocrx_word' id='word_1_167' title='bbox 1436 2184 1620 2245; x_wconf 79' lang='lat' dir='ltr'><strong>nulloe</strong></span> <span class='ocrx_word' id='word_1_168' title='bbox 1645 2204 1794 2265; x_wconf 85' lang='lat' dir='ltr'><strong>opes</strong></span> <span class='ocrx_word' id='word_1_169' title='bbox 1837 2185 2097 2245; x_wconf 88' lang='lat' dir='ltr'><strong>moribus</strong></span> <span class='ocrx_word' id='word_1_170' title='bbox 2133 2185 2416 2265; x_wconf 87' lang='lat' dir='ltr'><strong>improbis</strong></span> <span class='ocrx_word' id='word_1_171' title='bbox 2457 2187 2606 2248; x_wconf 84' lang='lat' dir='ltr'><strong>satis</strong></span> <span class='ocrx_word' id='word_1_172' title='bbox 2647 2208 2782 2250; x_wconf 84' lang='lat' dir='ltr'><strong>esse</strong></span> 
     </span>
     <span class='ocr_line' id='line_1_20' title="bbox 604 2279 2780 2361; baseline 0.001 -19"><span class='ocrx_word' id='word_1_173' title='bbox 604 2282 858 2361; x_wconf 85' lang='lat' dir='ltr'><strong>possint.</strong></span> <span class='ocrx_word' id='word_1_174' title='bbox 942 2280 1280 2341; x_wconf 85' lang='lat' dir='ltr'><strong>Alexander</strong></span> <span class='ocrx_word' id='word_1_175' title='bbox 1316 2279 1539 2341; x_wconf 88' lang='lat' dir='ltr'><strong>sedatis</strong></span> <span class='ocrx_word' id='word_1_176' title='bbox 1586 2281 1846 2341; x_wconf 89' lang='lat' dir='ltr'><strong>motibus</strong></span> <span class='ocrx_word' id='word_1_177' title='bbox 1885 2280 1990 2359; x_wconf 88' lang='lat' dir='ltr'><strong>qui</strong></span> <span class='ocrx_word' id='word_1_178' title='bbox 2025 2281 2085 2340; x_wconf 87' lang='lat' dir='ltr'><strong>in</strong></span> <span class='ocrx_word' id='word_1_179' title='bbox 2113 2280 2350 2342; x_wconf 73' lang='lat' dir='ltr'><strong>Graecia</strong></span> <span class='ocrx_word' id='word_1_180' title='bbox 2373 2296 2544 2342; x_wconf 84' lang='lat' dir='ltr'><strong>eraut</strong></span> <span class='ocrx_word' id='word_1_181' title='bbox 2569 2284 2780 2357; x_wconf 86' lang='lat' dir='ltr'><strong>exorti,</strong></span> 
     </span>
     <span class='ocr_line' id='line_1_21' title="bbox 606 2376 2778 2457; baseline 0.001 -20"><span class='ocrx_word' id='word_1_182' title='bbox 606 2388 924 2456; x_wconf 87' lang='lat' dir='ltr'><strong>antequam</strong></span> <span class='ocrx_word' id='word_1_183' title='bbox 952 2377 1013 2436; x_wconf 91' lang='lat' dir='ltr'><strong>in</strong></span> <span class='ocrx_word' id='word_1_184' title='bbox 1041 2376 1245 2437; x_wconf 81' lang='lat' dir='ltr'><strong>Asiam</strong></span> <span class='ocrx_word' id='word_1_185' title='bbox 1272 2396 1408 2437; x_wconf 88' lang='lat' dir='ltr'><strong>cum</strong></span> <span class='ocrx_word' id='word_1_186' title='bbox 1436 2377 1696 2437; x_wconf 81' lang='lat' dir='ltr'><strong>exercitu</strong></span> <span class='ocrx_word' id='word_1_187' title='bbox 1723 2376 2038 2457; x_wconf 81' lang='lat' dir='ltr'><strong>trajiceret,</strong></span> <span class='ocrx_word' id='word_1_188' title='bbox 2063 2396 2170 2457; x_wconf 89' lang='lat' dir='ltr'><strong>per</strong></span> <span class='ocrx_word' id='word_1_189' title='bbox 2193 2376 2506 2437; x_wconf 86' lang='lat' dir='ltr'><strong>Thraciam</strong></span> <span class='ocrx_word' id='word_1_190' title='bbox 2543 2378 2652 2439; x_wconf 88' lang='lat' dir='ltr'><strong>iter</strong></span> <span class='ocrx_word' id='word_1_191' title='bbox 2687 2379 2778 2439; x_wconf 79' lang='lat' dir='ltr'><strong>fa·</strong></span> 
     </span>
     <span class='ocr_line' id='line_1_22' title="bbox 606 2471 2777 2555; baseline 0 -22"><span class='ocrx_word' id='word_1_192' title='bbox 606 2475 793 2547; x_wconf 86' lang='lat' dir='ltr'><strong>ciens,</strong></span> <span class='ocrx_word' id='word_1_193' title='bbox 822 2471 1099 2546; x_wconf 80' lang='lat' dir='ltr'><strong>Paeones,</strong></span> <span class='ocrx_word' id='word_1_194' title='bbox 1125 2472 1438 2546; x_wconf 86' lang='lat' dir='ltr'><strong>Triballos,</strong></span> <span class='ocrx_word' id='word_1_195' title='bbox 1469 2472 1723 2555; x_wconf 74' lang='lat' dir='ltr'><strong>Illyrios,</strong></span> <span class='ocrx_word' id='word_1_196' title='bbox 1751 2472 2018 2552; x_wconf 86' lang='lat' dir='ltr'><strong>aliosque</strong></span> <span class='ocrx_word' id='word_1_197' title='bbox 2041 2472 2321 2534; x_wconf 88' lang='lat' dir='ltr'><strong>finitimos</strong></span> <span class='ocrx_word' id='word_1_198' title='bbox 2365 2485 2584 2552; x_wconf 87' lang='lat' dir='ltr'><strong>petere,</strong></span> <span class='ocrx_word' id='word_1_199' title='bbox 2624 2493 2777 2553; x_wconf 89' lang='lat' dir='ltr'><strong>quos</strong></span> 
     </span>
     <span class='ocr_line' id='line_1_23' title="bbox 604 2568 2778 2648; baseline 0.002 -20"><span class='ocrx_word' id='word_1_200' title='bbox 604 2570 775 2630; x_wconf 77' lang='lat' dir='ltr'><strong>novis</strong></span> <span class='ocrx_word' id='word_1_201' title='bbox 798 2571 970 2630; x_wconf 84' lang='lat' dir='ltr'><strong>rebus</strong></span> <span class='ocrx_word' id='word_1_202' title='bbox 999 2569 1239 2630; x_wconf 78' lang='lat' dir='ltr'><strong>studere</strong></span> <span class='ocrx_word' id='word_1_203' title='bbox 1266 2579 1603 2648; x_wconf 81' lang='lat' dir='ltr'><strong>acceperat.</strong></span> <span class='ocrx_word' id='word_1_204' title='bbox 1673 2569 1830 2628; x_wconf 88' lang='lat' dir='ltr'><strong>Nam</strong></span> <span class='ocrx_word' id='word_1_205' title='bbox 1845 2568 2006 2647; x_wconf 87' lang='lat' dir='ltr'><strong>quod</strong></span> <span class='ocrx_word' id='word_1_206' title='bbox 2033 2587 2218 2648; x_wconf 87' lang='lat' dir='ltr'><strong>regno</strong></span> <span class='ocrx_word' id='word_1_207' title='bbox 2245 2569 2374 2648; x_wconf 87' lang='lat' dir='ltr'><strong>ejus</strong></span> <span class='ocrx_word' id='word_1_208' title='bbox 2400 2579 2530 2630; x_wconf 82' lang='lat' dir='ltr'><strong>tum</strong></span> <span class='ocrx_word' id='word_1_209' title='bbox 2549 2570 2778 2632; x_wconf 84' lang='lat' dir='ltr'><strong>finitimi</strong></span> 
     </span>
     <span class='ocr_line' id='line_1_24' title="bbox 604 2663 2778 2746; baseline 0.001 -21"><span class='ocrx_word' id='word_1_210' title='bbox 604 2675 731 2726; x_wconf 89' lang='lat' dir='ltr'><strong>tum</strong></span> <span class='ocrx_word' id='word_1_211' title='bbox 756 2665 1007 2724; x_wconf 79' lang='lat' dir='ltr'><strong>maxime</strong></span> <span class='ocrx_word' id='word_1_212' title='bbox 1028 2665 1197 2724; x_wconf 82' lang='lat' dir='ltr'><strong>infidi</strong></span> <span class='ocrx_word' id='word_1_213' title='bbox 1222 2675 1413 2737; x_wconf 84' lang='lat' dir='ltr'><strong>eraut,</strong></span> <span class='ocrx_word' id='word_1_214' title='bbox 1440 2663 1680 2724; x_wconf 87' lang='lat' dir='ltr'><strong>minime</strong></span> <span class='ocrx_word' id='word_1_215' title='bbox 1721 2663 2114 2744; x_wconf 87' lang='lat' dir='ltr'><strong>negligendos</strong></span> <span class='ocrx_word' id='word_1_216' title='bbox 2157 2665 2410 2739; x_wconf 85' lang='lat' dir='ltr'><strong>censuit,</strong></span> <span class='ocrx_word' id='word_1_217' title='bbox 2449 2668 2778 2746; x_wconf 65' lang='lat' dir='ltr'><strong>presertim</strong></span> 
     </span>
     <span class='ocr_line' id='line_1_25' title="bbox 606 2758 2777 2840; baseline 0.001 -20"><span class='ocrx_word' id='word_1_218' title='bbox 606 2779 745 2820; x_wconf 87' lang='lat' dir='ltr'><strong>cum</strong></span> <span class='ocrx_word' id='word_1_219' title='bbox 773 2760 837 2820; x_wconf 87' lang='lat' dir='ltr'><strong>in</strong></span> <span class='ocrx_word' id='word_1_220' title='bbox 860 2769 981 2820; x_wconf 87' lang='lat' dir='ltr'><strong>tam</strong></span> <span class='ocrx_word' id='word_1_221' title='bbox 1006 2759 1366 2838; x_wconf 85' lang='lat' dir='ltr'><strong>longinquas</strong></span> <span class='ocrx_word' id='word_1_222' title='bbox 1388 2777 1425 2818; x_wconf 89' lang='lat' dir='ltr'><strong>a</strong></span> <span class='ocrx_word' id='word_1_223' title='bbox 1451 2758 1630 2819; x_wconf 91' lang='lat' dir='ltr'><strong>domo</strong></span> <span class='ocrx_word' id='word_1_224' title='bbox 1657 2760 1930 2840; x_wconf 81' lang='lat' dir='ltr'><strong>regiones</strong></span> <span class='ocrx_word' id='word_1_225' title='bbox 1957 2779 2094 2821; x_wconf 89' lang='lat' dir='ltr'><strong>cum</strong></span> <span class='ocrx_word' id='word_1_226' title='bbox 2118 2761 2378 2822; x_wconf 86' lang='lat' dir='ltr'><strong>exercitu</strong></span> <span class='ocrx_word' id='word_1_227' title='bbox 2407 2763 2777 2840; x_wconf 74' lang='lat' dir='ltr'><strong>profecturus</strong></span> 
     </span>
     <span class='ocr_line' id='line_1_26' title="bbox 602 2853 2776 2936; baseline 0.001 -20"><span class='ocrx_word' id='word_1_228' title='bbox 602 2864 786 2916; x_wconf 86' lang='lat' dir='ltr'><strong>esset.</strong></span> <span class='ocrx_word' id='word_1_229' title='bbox 869 2855 961 2913; x_wconf 88' lang='lat' dir='ltr'><strong>Ex</strong></span> <span class='ocrx_word' id='word_1_230' title='bbox 1008 2853 1349 2933; x_wconf 84' lang='lat' dir='ltr'><strong>Amphipoli</strong></span> <span class='ocrx_word' id='word_1_231' title='bbox 1402 2854 1581 2933; x_wconf 86' lang='lat' dir='ltr'><strong>igitur</strong></span> <span class='ocrx_word' id='word_1_232' title='bbox 1631 2873 1767 2914; x_wconf 90' lang='lat' dir='ltr'><strong>cum</strong></span> <span class='ocrx_word' id='word_1_233' title='bbox 1815 2856 2002 2934; x_wconf 87' lang='lat' dir='ltr'><strong>copiis</strong></span> <span class='ocrx_word' id='word_1_234' title='bbox 2045 2856 2344 2936; x_wconf 80' lang='lat' dir='ltr'><strong>profectus</strong></span> <span class='ocrx_word' id='word_1_235' title='bbox 2389 2858 2450 2917; x_wconf 89' lang='lat' dir='ltr'><strong>in</strong></span> <span class='ocrx_word' id='word_1_236' title='bbox 2493 2857 2776 2927; x_wconf 79' lang='lat' dir='ltr'><strong>Thraces,</strong></span> 
     </span>
     <span class='ocr_line' id='line_1_27' title="bbox 605 2947 2775 3034; baseline 0.003 -25"><span class='ocrx_word' id='word_1_237' title='bbox 605 2955 781 3028; x_wconf 89' lang='lat' dir='ltr'><strong>(quos</strong></span> <span class='ocrx_word' id='word_1_238' title='bbox 810 2947 1009 3008; x_wconf 78' lang='lat' dir='ltr'><strong>Groeci</strong></span> <span class='ocrx_word' id='word_1_239' title='bbox 1046 2953 1386 3028; x_wconf 72' lang='grc' dir='ltr'><strong><em>αὑτονόμονε</em></strong></span> <span class='ocrx_word' id='word_1_240' title='bbox 1434 2959 1672 3023; x_wconf 84' lang='lat' dir='ltr'><strong>vocant,</strong></span> <span class='ocrx_word' id='word_1_241' title='bbox 1711 2949 1930 3012; x_wconf 87' lang='lat' dir='ltr'><strong>nullius</strong></span> <span class='ocrx_word' id='word_1_242' title='bbox 1973 2951 2239 3031; x_wconf 88' lang='lat' dir='ltr'><strong>imperio,</strong></span> <span class='ocrx_word' id='word_1_243' title='bbox 2287 2952 2506 3014; x_wconf 88' lang='lat' dir='ltr'><strong>nullius</strong></span> <span class='ocrx_word' id='word_1_244' title='bbox 2548 2953 2775 3034; x_wconf 86' lang='lat' dir='ltr'><strong>legibus</strong></span> 
     </span>
     <span class='ocr_line' id='line_1_28' title="bbox 604 3042 2776 3128; baseline 0.003 -24"><span class='ocrx_word' id='word_1_245' title='bbox 604 3044 923 3118; x_wconf 80' lang='lat' dir='ltr'><strong>obnoxios)</strong></span> <span class='ocrx_word' id='word_1_246' title='bbox 937 3042 1147 3104; x_wconf 90' lang='lat' dir='ltr'><strong>decem</strong></span> <span class='ocrx_word' id='word_1_247' title='bbox 1175 3043 1404 3104; x_wconf 88' lang='lat' dir='ltr'><strong>dierum</strong></span> <span class='ocrx_word' id='word_1_248' title='bbox 1424 3045 1630 3106; x_wconf 88' lang='lat' dir='ltr'><strong>itinere</strong></span> <span class='ocrx_word' id='word_1_249' title='bbox 1659 3045 1738 3105; x_wconf 89' lang='lat' dir='ltr'><strong>ad</strong></span> <span class='ocrx_word' id='word_1_250' title='bbox 1768 3045 2044 3107; x_wconf 74' lang='lat' dir='ltr'><strong>Hoemum</strong></span> <span class='ocrx_word' id='word_1_251' title='bbox 2071 3059 2329 3110; x_wconf 88' lang='lat' dir='ltr'><strong>montem</strong></span> <span class='ocrx_word' id='word_1_252' title='bbox 2355 3050 2656 3128; x_wconf 83' lang='lat' dir='ltr'><strong>pervenit:</strong></span> <span class='ocrx_word' id='word_1_253' title='bbox 2694 3051 2776 3110; x_wconf 84' lang='lat' dir='ltr'><strong>ibi</strong></span> 
     </span>
     <span class='ocr_line' id='line_1_29' title="bbox 606 3138 2774 3225; baseline 0.004 -25"><span class='ocrx_word' id='word_1_254' title='bbox 606 3139 765 3200; x_wconf 87' lang='lat' dir='ltr'><strong>circa</strong></span> <span class='ocrx_word' id='word_1_255' title='bbox 811 3138 1008 3198; x_wconf 88' lang='lat' dir='ltr'><strong>aditus</strong></span> <span class='ocrx_word' id='word_1_256' title='bbox 1056 3138 1388 3218; x_wconf 81' lang='lat' dir='ltr'><strong>angustias,</strong></span> <span class='ocrx_word' id='word_1_257' title='bbox 1436 3142 1868 3222; x_wconf 77' lang='lat' dir='ltr'><strong>negotiatorum</strong></span> <span class='ocrx_word' id='word_1_258' title='bbox 1911 3153 2089 3222; x_wconf 90' lang='lat' dir='ltr'><strong>atque</strong></span> <span class='ocrx_word' id='word_1_259' title='bbox 2135 3143 2431 3206; x_wconf 84' lang='lat' dir='ltr'><strong>Thracum</strong></span> <span class='ocrx_word' id='word_1_260' title='bbox 2476 3145 2774 3225; x_wconf 83' lang='lat' dir='ltr'><strong>ingentem</strong></span> 
     </span>
     <span class='ocr_line' id='line_1_30' title="bbox 606 3234 2775 3315; baseline 0.003 -21"><span class='ocrx_word' id='word_1_261' title='bbox 606 3253 847 3294; x_wconf 84' lang='lat' dir='ltr'><strong>manum</strong></span> <span class='ocrx_word' id='word_1_262' title='bbox 894 3234 1226 3308; x_wconf 88' lang='lat' dir='ltr'><strong>collectam,</strong></span> <span class='ocrx_word' id='word_1_263' title='bbox 1274 3236 1508 3298; x_wconf 84' lang='lat' dir='ltr'><strong>obviam</strong></span> <span class='ocrx_word' id='word_1_264' title='bbox 1547 3237 1777 3300; x_wconf 85' lang='lat' dir='ltr'><strong>habuit.</strong></span> <span class='ocrx_word' id='word_1_265' title='bbox 1860 3238 2213 3302; x_wconf 76' lang='lat' dir='ltr'><strong>Insederant</strong></span> <span class='ocrx_word' id='word_1_266' title='bbox 2237 3241 2456 3300; x_wconf 84' lang='lat' dir='ltr'><strong>montis</strong></span> <span class='ocrx_word' id='word_1_267' title='bbox 2477 3240 2775 3315; x_wconf 79' lang='lat' dir='ltr'><strong>verticem,</strong></span> 
     </span>
     <span class='ocr_line' id='line_1_31' title="bbox 606 3330 2776 3416; baseline 0.003 -26"><span class='ocrx_word' id='word_1_268' title='bbox 606 3330 990 3410; x_wconf 86' lang='lat' dir='ltr'><strong>curribusque</strong></span> <span class='ocrx_word' id='word_1_269' title='bbox 1016 3350 1123 3410; x_wconf 92' lang='lat' dir='ltr'><strong>pro</strong></span> <span class='ocrx_word' id='word_1_270' title='bbox 1146 3331 1328 3407; x_wconf 79' lang='lat' dir='ltr'><strong>vallo,</strong></span> <span class='ocrx_word' id='word_1_271' title='bbox 1365 3352 1487 3412; x_wconf 86' lang='lat' dir='ltr'><strong>qua</strong></span> <span class='ocrx_word' id='word_1_272' title='bbox 1510 3335 1753 3414; x_wconf 85' lang='lat' dir='ltr'><strong>patebat</strong></span> <span class='ocrx_word' id='word_1_273' title='bbox 1781 3333 1998 3407; x_wconf 85' lang='lat' dir='ltr'><strong>aditus,</strong></span> <span class='ocrx_word' id='word_1_274' title='bbox 2023 3337 2360 3408; x_wconf 84' lang='lat' dir='ltr'><strong>utebantur,</strong></span> <span class='ocrx_word' id='word_1_275' title='bbox 2385 3337 2522 3396; x_wconf 87' lang='lat' dir='ltr'><strong>inde</strong></span> <span class='ocrx_word' id='word_1_276' title='bbox 2547 3355 2776 3416; x_wconf 87' lang='lat' dir='ltr'><strong>pugna-</strong></span> 
     </span>
     <span class='ocr_line' id='line_1_32' title="bbox 606 3427 2774 3511; baseline 0.003 -25"><span class='ocrx_word' id='word_1_277' title='bbox 606 3427 746 3500; x_wconf 90' lang='lat' dir='ltr'><strong>turi,</strong></span> <span class='ocrx_word' id='word_1_278' title='bbox 772 3427 825 3486; x_wconf 90' lang='lat' dir='ltr'><strong>si</strong></span> <span class='ocrx_word' id='word_1_279' title='bbox 850 3427 1175 3488; x_wconf 85' lang='lat' dir='ltr'><strong>necessitas</strong></span> <span class='ocrx_word' id='word_1_280' title='bbox 1200 3429 1587 3507; x_wconf 86' lang='lat' dir='ltr'><strong>postulasset.</strong></span> <span class='ocrx_word' id='word_1_281' title='bbox 1638 3430 1742 3489; x_wconf 88' lang='lat' dir='ltr'><strong>Sin</strong></span> <span class='ocrx_word' id='word_1_282' title='bbox 1771 3439 1969 3490; x_wconf 86' lang='lat' dir='ltr'><strong>autem</strong></span> <span class='ocrx_word' id='word_1_283' title='bbox 1995 3449 2068 3490; x_wconf 88' lang='lat' dir='ltr'><strong>ex</strong></span> <span class='ocrx_word' id='word_1_284' title='bbox 2093 3430 2342 3490; x_wconf 76' lang='lat' dir='ltr'><strong>adversa</strong></span> <span class='ocrx_word' id='word_1_285' title='bbox 2366 3431 2580 3492; x_wconf 84' lang='lat' dir='ltr'><strong>montis</strong></span> <span class='ocrx_word' id='word_1_286' title='bbox 2597 3441 2774 3511; x_wconf 76' lang='lat' dir='ltr'><strong>parte</strong></span> 
     </span>
     <span class='ocr_line' id='line_1_33' title="bbox 606 3523 2775 3609; baseline 0.004 -29"><span class='ocrx_word' id='word_1_287' title='bbox 606 3531 967 3601; x_wconf 86' lang='lat' dir='ltr'><strong>peterentur,</strong></span> <span class='ocrx_word' id='word_1_288' title='bbox 1010 3541 1217 3582; x_wconf 88' lang='lat' dir='ltr'><strong>currus</strong></span> <span class='ocrx_word' id='word_1_289' title='bbox 1255 3523 1318 3582; x_wconf 91' lang='lat' dir='ltr'><strong>in</strong></span> <span class='ocrx_word' id='word_1_290' title='bbox 1368 3523 1690 3584; x_wconf 86' lang='lat' dir='ltr'><strong>Alexandri</strong></span> <span class='ocrx_word' id='word_1_291' title='bbox 1725 3523 2103 3603; x_wconf 63' lang='lat' dir='ltr'><strong>’Phalangem</strong></span> <span class='ocrx_word' id='word_1_292' title='bbox 2125 3544 2342 3605; x_wconf 87' lang='lat' dir='ltr'><strong>magno</strong></span> <span class='ocrx_word' id='word_1_293' title='bbox 2367 3527 2592 3609; x_wconf 86' lang='lat' dir='ltr'><strong>impetu</strong></span> <span class='ocrx_word' id='word_1_294' title='bbox 2607 3539 2775 3588; x_wconf 86' lang='lat' dir='ltr'><strong>erant</strong></span> 
     </span>
     <span class='ocr_line' id='line_1_34' title="bbox 606 3616 2774 3698; baseline 0.004 -22"><span class='ocrx_word' id='word_1_295' title='bbox 606 3616 942 3686; x_wconf 86' lang='lat' dir='ltr'><strong>immissuri,</strong></span> <span class='ocrx_word' id='word_1_296' title='bbox 970 3617 1135 3695; x_wconf 91' lang='lat' dir='ltr'><strong>quod</strong></span> <span class='ocrx_word' id='word_1_297' title='bbox 1176 3626 1239 3677; x_wconf 92' lang='lat' dir='ltr'><strong>et</strong></span> <span class='ocrx_word' id='word_1_298' title='bbox 1278 3618 1564 3680; x_wconf 78' lang='lat' dir='ltr'><strong>fecerunt.</strong></span> <span class='ocrx_word' id='word_1_299' title='bbox 1647 3621 1770 3680; x_wconf 90' lang='lat' dir='ltr'><strong>Sed</strong></span> <span class='ocrx_word' id='word_1_300' title='bbox 1817 3621 2029 3681; x_wconf 88' lang='lat' dir='ltr'><strong>milites</strong></span> <span class='ocrx_word' id='word_1_301' title='bbox 2075 3623 2154 3682; x_wconf 86' lang='lat' dir='ltr'><strong>ab</strong></span> <span class='ocrx_word' id='word_1_302' title='bbox 2181 3622 2520 3684; x_wconf 81' lang='lat' dir='ltr'><strong>Alexandro</strong></span> <span class='ocrx_word' id='word_1_303' title='bbox 2555 3623 2774 3698; x_wconf 85' lang='lat' dir='ltr'><strong>edocti,</strong></span> 
     </span>
     <span class='ocr_line' id='line_1_35' title="bbox 608 3709 2776 3798; baseline 0.004 -28"><span class='ocrx_word' id='word_1_304' title='bbox 608 3710 708 3770; x_wconf 83' lang='lat' dir='ltr'><strong>alii</strong></span> <span class='ocrx_word' id='word_1_305' title='bbox 752 3709 967 3770; x_wconf 81' lang='lat' dir='ltr'><strong>laxatis</strong></span> <span class='ocrx_word' id='word_1_306' title='bbox 994 3711 1318 3785; x_wconf 88' lang='lat' dir='ltr'><strong>ordinibus,</strong></span> <span class='ocrx_word' id='word_1_307' title='bbox 1346 3712 1445 3772; x_wconf 84' lang='lat' dir='ltr'><strong>alii</strong></span> <span class='ocrx_word' id='word_1_308' title='bbox 1472 3733 1723 3793; x_wconf 83' lang='lat' dir='ltr'><strong>corpora</strong></span> <span class='ocrx_word' id='word_1_309' title='bbox 1748 3716 1911 3774; x_wconf 89' lang='lat' dir='ltr'><strong>humi</strong></span> <span class='ocrx_word' id='word_1_310' title='bbox 1939 3725 2127 3778; x_wconf 82' lang='lat' dir='ltr'><strong>strata</strong></span> <span class='ocrx_word' id='word_1_311' title='bbox 2153 3717 2339 3780; x_wconf 75' lang='lat' dir='ltr'><strong>scutis</strong></span> <span class='ocrx_word' id='word_1_312' title='bbox 2365 3729 2776 3798; x_wconf 87' lang='lat' dir='ltr'><strong>contegentes,</strong></span> 
     </span>
     <span class='ocr_line' id='line_1_36' title="bbox 606 3805 2772 3894; baseline 0.005 -30"><span class='ocrx_word' id='word_1_313' title='bbox 606 3805 930 3888; x_wconf 84' lang='lat' dir='ltr'><strong>perieulum</strong></span> <span class='ocrx_word' id='word_1_314' title='bbox 948 3825 1119 3867; x_wconf 87' lang='lat' dir='ltr'><strong>omne</strong></span> <span class='ocrx_word' id='word_1_315' title='bbox 1138 3806 1491 3870; x_wconf 80' lang='lat' dir='ltr'><strong>devitarunt.</strong></span> <span class='ocrx_word' id='word_1_316' title='bbox 1548 3810 1706 3871; x_wconf 88' lang='lat' dir='ltr'><strong>Hinc</strong></span> <span class='ocrx_word' id='word_1_317' title='bbox 1735 3810 2050 3873; x_wconf 75' lang='lat' dir='ltr'><strong>alacriores</strong></span> <span class='ocrx_word' id='word_1_318' title='bbox 2076 3813 2237 3888; x_wconf 81' lang='lat' dir='ltr'><strong>facti,</strong></span> <span class='ocrx_word' id='word_1_319' title='bbox 2263 3814 2487 3894; x_wconf 84' lang='lat' dir='ltr'><strong>ingenti</strong></span> <span class='ocrx_word' id='word_1_320' title='bbox 2513 3814 2772 3875; x_wconf 87' lang='lat' dir='ltr'><strong>clamore</strong></span> 
     </span>
     <span class='ocr_line' id='line_1_37' title="bbox 604 3902 2774 3990; baseline 0.003 -27"><span class='ocrx_word' id='word_1_321' title='bbox 604 3905 668 3963; x_wconf 89' lang='lat' dir='ltr'><strong>in</strong></span> <span class='ocrx_word' id='word_1_322' title='bbox 688 3903 893 3963; x_wconf 87' lang='lat' dir='ltr'><strong>hostes</strong></span> <span class='ocrx_word' id='word_1_323' title='bbox 912 3902 1199 3976; x_wconf 87' lang='lat' dir='ltr'><strong>feruntur,</strong></span> <span class='ocrx_word' id='word_1_324' title='bbox 1216 3923 1435 3983; x_wconf 86' lang='lat' dir='ltr'><strong>eosque</strong></span> <span class='ocrx_word' id='word_1_325' title='bbox 1456 3923 1577 3965; x_wconf 87' lang='lat' dir='ltr'><strong>uno</strong></span> <span class='ocrx_word' id='word_1_326' title='bbox 1600 3905 1825 3987; x_wconf 90' lang='lat' dir='ltr'><strong>impetu</strong></span> <span class='ocrx_word' id='word_1_327' title='bbox 1845 3925 2213 3989; x_wconf 79' lang='lat' dir='ltr'><strong>superavere.</strong></span> <span class='ocrx_word' id='word_1_328' title='bbox 2279 3910 2618 3972; x_wconf 81' lang='lat' dir='ltr'><strong>Alexander</strong></span> <span class='ocrx_word' id='word_1_329' title='bbox 2637 3929 2774 3990; x_wconf 84' lang='lat' dir='ltr'><strong>pro-</strong></span> 
     </span>
     <span class='ocr_line' id='line_1_38' title="bbox 606 3998 2772 4082; baseline 0.003 -24"><span class='ocrx_word' id='word_1_330' title='bbox 606 3998 771 4060; x_wconf 85' lang='lat' dir='ltr'><strong>tinus</strong></span> <span class='ocrx_word' id='word_1_331' title='bbox 805 4009 1083 4078; x_wconf 83' lang='lat' dir='ltr'><strong>superato</strong></span> <span class='ocrx_word' id='word_1_332' title='bbox 1117 3999 1287 4079; x_wconf 85' lang='lat' dir='ltr'><strong>jugo,</strong></span> <span class='ocrx_word' id='word_1_333' title='bbox 1322 4020 1427 4082; x_wconf 90' lang='lat' dir='ltr'><strong>per</strong></span> <span class='ocrx_word' id='word_1_334' title='bbox 1455 4001 1730 4062; x_wconf 74' lang='lat' dir='ltr'><strong>Hoemum</strong></span> <span class='ocrx_word' id='word_1_335' title='bbox 1755 4013 2018 4065; x_wconf 87' lang='lat' dir='ltr'><strong>montem</strong></span> <span class='ocrx_word' id='word_1_336' title='bbox 2041 4006 2100 4065; x_wconf 87' lang='lat' dir='ltr'><strong>in</strong></span> <span class='ocrx_word' id='word_1_337' title='bbox 2128 4004 2418 4066; x_wconf 83' lang='lat' dir='ltr'><strong>Triballos</strong></span> <span class='ocrx_word' id='word_1_338' title='bbox 2445 4007 2524 4066; x_wconf 90' lang='lat' dir='ltr'><strong>ad</strong></span> <span class='ocrx_word' id='word_1_339' title='bbox 2552 4007 2772 4066; x_wconf 86' lang='lat' dir='ltr'><strong>flumen</strong></span> 
     </span>
     <span class='ocr_line' id='line_1_39' title="bbox 610 4094 2771 4180; baseline 0.003 -27"><span class='ocrx_word' id='word_1_340' title='bbox 610 4094 859 4175; x_wconf 82' lang='lat' dir='ltr'><strong>Lygium</strong></span> <span class='ocrx_word' id='word_1_341' title='bbox 886 4095 1185 4174; x_wconf 74' lang='lat' dir='ltr'><strong>profectus</strong></span> <span class='ocrx_word' id='word_1_342' title='bbox 1212 4105 1325 4156; x_wconf 86' lang='lat' dir='ltr'><strong>est.</strong></span> <span class='ocrx_word' id='word_1_343' title='bbox 1404 4097 1648 4178; x_wconf 79' lang='lat' dir='ltr'><strong>Syrmus</strong></span> <span class='ocrx_word' id='word_1_344' title='bbox 1675 4098 2060 4162; x_wconf 88' lang='lat' dir='ltr'><strong>Triballorum</strong></span> <span class='ocrx_word' id='word_1_345' title='bbox 2091 4119 2192 4161; x_wconf 81' lang='lat' dir='ltr'><strong>rex</strong></span> <span class='ocrx_word' id='word_1_346' title='bbox 2239 4111 2400 4161; x_wconf 85' lang='lat' dir='ltr'><strong>erat:</strong></span> <span class='ocrx_word' id='word_1_347' title='bbox 2442 4101 2494 4162; x_wconf 85' lang='lat' dir='ltr'><strong>is</strong></span> <span class='ocrx_word' id='word_1_348' title='bbox 2533 4102 2771 4180; x_wconf 83' lang='lat' dir='ltr'><strong>cognito</strong></span> 
     </span>
     <span class='ocr_line' id='line_1_40' title="bbox 613 4190 2770 4276; baseline 0.004 -28"><span class='ocrx_word' id='word_1_349' title='bbox 613 4191 934 4254; x_wconf 82' lang='lat' dir='ltr'><strong>Alexandri</strong></span> <span class='ocrx_word' id='word_1_350' title='bbox 978 4190 1258 4268; x_wconf 71' lang='lat' dir='ltr'><strong>adventu,</strong></span> <span class='ocrx_word' id='word_1_351' title='bbox 1286 4211 1497 4255; x_wconf 70' lang='lat' dir='ltr'><strong>uxores</strong></span> <span class='ocrx_word' id='word_1_352' title='bbox 1524 4213 1595 4256; x_wconf 89' lang='lat' dir='ltr'><strong>ac</strong></span> <span class='ocrx_word' id='word_1_353' title='bbox 1621 4213 1862 4275; x_wconf 83' lang='lat' dir='ltr'><strong>pueros,</strong></span> <span class='ocrx_word' id='word_1_354' title='bbox 1896 4208 2268 4276; x_wconf 87' lang='lat' dir='ltr'><strong>ceteramque</strong></span> <span class='ocrx_word' id='word_1_355' title='bbox 2305 4197 2597 4260; x_wconf 87' lang='lat' dir='ltr'><strong>imbellem</strong></span> <span class='ocrx_word' id='word_1_356' title='bbox 2643 4205 2770 4256; x_wconf 88' lang='lat' dir='ltr'><strong>tur—</strong></span> 
     </span>
    </p>
   </div>
  </div>
 </body>
</html>
