3222 4944
620 405 792 471 1636
1227 416 1670 467 cArALocus
1719 410 2198 463 sonim-ouum

703 572 1027 680 Pompeius
1058 568 1314 655 Trogus.
1383 570 1569 650 Cujus
1598 569 1894 649 epitomen
1921 566 2198 627 Justiuus
2217 564 2381 627 fecit.
2457 564 2608 626 Eum
2635 565 2810 627 citari

618 679 765 746 puto
792 670 854 728 in
884 669 1147 731 Historia
1174 666 1451 729 Miscella
1483 684 1618 727 x11.
1653 666 1750 726 19.
2405 670 2412 678 '

703 765 1003 827 Potamon
1046 766 1456 844 Ilfr‘tylenoeus.
1540 763 1658 822 Hic
1709 762 1890 822 etiam
1943 762 2003 821 in
2029 761 2192 823 hunc
2217 778 2468 821 censum
2493 758 2738 819 refertur
2769 778 2809 819 a

618 858 1008 923 Volaterrano
1026 872 1086 922 et
1106 861 1258 935 aliis,
1282 870 1521 921 auctore
1546 858 1756 930 Suida,
1774 858 1877 936 qui
1894 876 2029 918 eum
2049 862 2313 938 tempore
2332 856 2550 917 Tiberii
2569 854 2812 969 viaisse,

618 962 680 1015 et
699 956 775 1017 ab
802 977 875 1019 eo
903 977 1129 1018 summe
1152 958 1507 1019 honoratum
1534 954 1718 1017 fuisse
1745 954 1977 1015 asserit.

701 1054 1117 1135 Praxagorae.
1201 1053 1450 1114 Photius
1479 1050 1846 1111 Cod.1.x11.

699 1150 1085 1213 Ptolemaem.
1167 1152 1287 1221 Qui
1312 1158 1451 1231 post
1477 1146 1932 1207 Alexandrum
1917 1166 1978 1206 ιιι
2007 1145 2270 1228 AEgypto
2295 1148 2586 1227 regnavit.
2655 1144 2814 1206 Eum

617 1260 683 1303 se
722 1245 1017 1325 proecipue
1040 1258 1381 1308 secuturum
1407 1264 1541 1306 esse
1569 1244 1873 1322 profitetur
1895 1241 2224 1305 Arrianus(
2247 1244 2411 1304 Citat
2425 1250 2561 1306 enm
2579 1254 2640 1303 et
2655 1240 2813 1303 Our-

616 1338 737 1399 tius
766 1349 966 1401 noster
998 1362 1100 1405 1x.
1122 1345 1199 1403 ’5.
1238 1344 1340 1403 21.
1388 1348 1451 1403 ct
1475 1339 1781 1400 Plutarch.
1821 1339 1885 1397 in
1918 1336 2088 1400 Alex.
2131 1358 2272 1421 cap.
2317 1342 2419 1400 81.
2461 1338 2626 1420 quod
2669 1337 2814 1399 ideo

614 1436 833 1508 refero‚·
852 1439 1013 1518 quod
1041 1440 1101 1499 in
1130 1438 1245 1501 hoc
1273 1440 1508 1499 nomine
1536 1454 1768 1498 errasse
1789 1433 1964 1495 video
1985 1436 2319 1515 Gesnerurn
2335 1438 2398 1496 in
2419 1434 2812 1507 Bibliotheca,

614 1531 719 1609 qui
743 1532 905 1595 hunc
931 1533 1344 1608 Ptolemaeum,
1380 1544 1441 1597 et
1481 1540 1831 1612 sequentem
1859 1530 1920 1590 in
1949 1529 2275 1594 Plutarcho
2301 1530 2668 1593 ‘Anticlidem
2695 1522 2814 1611 pro

614 1644 739 1688 uno
780 1628 1112 1712 eodemque
1153 1632 1354 1693 habet.
1440 1629 1674 1692 Laudat
1709 1638 1772 1689 et
1801 1627 2132 1691 Athenaeuo
2174 1630 2302 1708 ejus
2331 1624 2813 1691 Commentarios

612 1726 963 1804 saepissime.
1792 1748 1800 1755 ·
2575 1742 2582 1751 ·

694 1822 1061 1884 Reineccim.

699 1917 1042 1978 Sabellicus.

696 2012 987 2074 Seleucus.
1072 2013 1253 2073 Hunc
1292 2015 1491 2087 etiam,
1534 2020 1638 2095 qui
1672 2038 1807 2079 curn
1834 2019 2178 2079 Alexandro
2217 2015 2510 2088 militavit,
2537 2014 2810 2077 nonnihil

611 2106 688 2166 de
714 2108 890 2168 rebus
919 2109 1045 2188 ejus
1068 2106 1348 2182 edidisse,
1378 2112 1437 2170 ni
1466 2115 1750 2173 memoria
1777 2134 1870 2176 me
1892 2112 2070 2188 fallit,
2092 2115 2254 2196 apud
2285 2112 2618 2175 Diodorum
2635 2112 2814 2174 Sicu-

594 2192 731 2263 lum
755 2202 897 2284 legi.

690 2300 1003 2381 Sigonius.
1088 2302 1159 2361 In
1186 2301 1389 2363 libello
1417 2302 1493 2364 de
1522 2308 1882 2387 temporibus
1910 2306 2382 2369 Atheniensium·

694 2396 957 2459 Solinus.

694 2497 947 2575 Sopater
974 2496 1214 2576 scripsit
1241 2497 1499 2578 Eelogas
1528 2500 1709 2560 varioe
1749 2501 2036 2562 doctrinae
2064 2501 2246 2562 libros
2275 2498 2617 2573 duodecim,
2651 2519 2804 2580 quo-

609 2611 740 2653 rum
770 2590 1002 2654 decimo
1030 2591 1355 2653 Alexandri
1402 2605 1577 2674 gesta
1617 2597 1970 2670 referuntur,
2014 2607 2082 2658 ut
2123 2596 2322 2676 prodit
2359 2595 2609 2657 Photiue
2643 2597 2814 2658 Cod.‘

608 2709 796 2750 extr.

694 2787 1039 2848 Soteridam
1082 2787 1308 2844 Asius.
1394 2787 1579 2846 Poeta
1637 2788 1949 2862 Heroicus‚
2005 2790 2243 2870 scripsit
2280 2788 2802 2862 Alexandriacnm'‚

608 2881 679 2941 h:
718 2903 774 2943 e.
822 2879 1147 2941 Historiam
1194 2878 1521 2952 Alexandri
1554 2881 1788 2960 Magni,
1833 2905 1975 2946 cum
1999 2885 2260 2956 Thebas,
2285 2895 2349 2944 et
2375 2884 2494 2944 alia
2519 2885 2808 2965 cepisset}

604 2975 845 3038 Suidas.

690 3073 922 3134 Sotion.
1008 3073 1365 3136 Plutarchus
1394 3072 1736 3136 Alexandro
1763 3093 1820 3135 c.
1856 3077 1994 3136 107.

690 3170 928 3230 Strabo.
1013 3169 1127 3230 Hic
1168 3177 1290 3231 tam
1338 3171 1399 3230 in
1428 3169 1860 3250 Geographicis
1890 3171 2016 3230 suis
2041 3169 2204 3230 libris
2241 3171 2430 3232 multa
2475 3170 2686 3251 passim
2713 3171 2799 3232 de

605 3265 949 3338 Alexandro
970 3267 1165 3340 refert,
1209 3285 1387 3347 quam
1414 3267 1590 3327 etiarn
1621 3265 1928 3329 historiam
1953 3267 2078 3347 ejus
2109 3266 2392 3346 peculiari
2425 3285 2602 3346 opere
2628 3287 2799 3328 com-

607 3363 815 3442 plexus
838 3371 951 3436 est,
978 3363 1139 3444 quod
1168 3365 1293 3445 ipse
1322 3363 1467 3428 citat
1492 3382 1614 3423 non
1644 3362 1824 3443 longe
1853 3383 1890 3422 a
1915 3362 2204 3443 principio
2231 3362 2332 3422 lib.
2366 3382 2445 3424 11.

689 3460 950 3521 Str-attis
980 3460 1311 3538 Olynthius
1344 3459 1583 3538 scripsit
1609 3459 2030 3539 Ephcrneridcs
2065 3457 2390 3520 Alexandri
2427 3458 2592 3520 libris
2619 3459 2798 3538 quin-

606 3575 745 3635 que,
766 3556 906 3617 item
930 3553 1007 3614 de
1024 3555 1187 3615 obitu
1215 3555 1366 3633 ejus.
1453 3557 1679 3617 Auctor
1705 3555 1944 3618 Suidao.

683 3651 927 3714 Sur'das.

690 3749 880 3811 Tor-ik
906 3747 1203 3809 Miz-cond
1225 3747 1285 3806 in
1306 3747 1555 3808 historia
1580 3748 1841 3807 Persica.

686 3845 917 3906 Petrus
945 3843 1187 3905 Τιτᾶνα
1214 3841 1572 3916 Lusitanus,
1622 3841 1698 3902 dc
1723 3842 1961 3922 regibus
2000 3841 2314 3904 Pei-earum
2362 3845 2422 3902 in
2451 3863 2564 3904 ouo
2607 3843 2790 3907 Itine-

600 3959 771 4003 rano.

688 4039 1049 4119 Timagenes.
1136 4035 1369 4096 citatur
1395 4035 1494 4096 hic
1522 4055 1558 4096 a
1587 4035 1799 4097 Curtio
1841 4055 1942 4096 rx.
1989 4039 2048 4096 5.
2094 4038 2193 4096 21.
2257 4033 2560 4098 Judiciurn
2599 4035 2678 4096 de
2711 4053 2790 4097 eo

600 4132 738 4195 vide
758 4133 915 4214 apud
941 4133 1289 4202 Quintilian.
1320 4133 1583 4194 Institut.
1611 4137 1708 4194 10.
1741 4135 1797 4194 1.

688 4229 879 4292 ‘nam
894 4231 1156 4312 quidam.
1200 4230 1316 4299 Qui
1334 4249 1429 4291 res
1446 4239 1648 4310 gestas
1675 4228 2000 4292 Alexandri
2017 4229 2078 4291 in
2106 4246 2271 4290 suam
2294 4226 2561 4308 linguam
2589 4236 2790 4287 trans-

2859 2397 2896 2419 Q
