3222 4944
602 379 771 445 1504

602 530 917 597 nominandi,
956 532 1047 581 sed
1084 533 1182 581 boe
1217 530 1505 595 auferendi,
1528 532 1651 581 illud

602 607 897 659 nominandi
938 607 1165 673 quidem,
1202 608 1295 657 sed
1330 616 1387 659 ut
1420 608 1486 657 ad
1518 608 1653 659 Λεία

600 684 877 735 referatur.
908 684 1177 735 Acidulius.

666 762 849 825 Nempe
868 777 931 812 ex
951 761 1169 811 Asiatica
1184 760 1371 824 prada]
1402 760 1650 823 Magnum

600 838 787 887 malum
808 838 930 899 illis,
970 838 1057 901 qni
1088 838 1201 887 hnc
1236 837 1334 886 hoe
1360 836 1513 885 modo
1535 849 1652 885 eor-

600 921 867 977 ruperant,
888 913 941 961 ni
960 928 1027 961 aes
1042 912 1247 961 ιιιίειιιιιιι
1258 911 1467 962 luissen-
1500 912 1650 960 Nem·

593 1004 655 1052 pe
691 990 742 1038 in
780 989 997 1039 Asiatica
1034 989 1218 1051 produ,
1254 1002 1340 1037 nee
1371 987 1534 1049 pudet,
1563 987 1649 1048 ξι.

597 1063 1007 1128 flagitiosissime.
1062 1062 1270 1111 Medius.
1350 1062 1496 1111 Bene
1550 1060 1650 1109 ista

598 1138 825 1189 Modius.
889 1137 1026 1190 Quia
1061 1143 1235 1187 tamen
1258 1136 1447 1201 ubique
1468 1136 1521 1184 s'n
1544 1148 1647 1185 non

596 1218 693 1263 ex?
726 1228 791 1261 an
827 1226 929 1263 non
958 1220 1109 1275 putes
1136 1212 1347 1261 retineri
1385 1211 1648 1274 potuisse?

594 1290 681 1338 Sic
724 1288 932 1338 scilicet
984 1289 1081 1337 hoc
1124 1288 1319 1336 dietum
1362 1284 1544 1349 fuerit,
1587 1291 1650 1334 ut

593 1364 733 1429 apud
756 1365 876 1415 Seu.
900 1364 1073 1428 Epist.
1094 1377 1215 1413 xix.
1241 1367 1320 1412 lt.
1344 1362 1361 1389 ‘
1378 1362 1439 1411 In
1458 1374 1648 1425 aspero

594 1449 651 1491 et
694 1440 859 1506 probo
899 1442 1136 1506 accipere
1156 1441 1197 1487 ε’
1239 1447 1297 1490 et
1336 1439 1472 1503 apud
1518 1439 1647 1488 alios

595 1532 710 1566 cum
737 1515 870 1565 idem
892 1518 1009 1578 hoc,
1040 1523 1146 1565 tnm
1178 1516 1279 1564 alia
1300 1514 1366 1564 ad
1390 1528 1503 1563 eam
1524 1510 1648 1562 faci-

594 1604 677 1639 em
718 1592 883 1655 plura.
924 1590 1189 1641 Acidalia.
1257 1590 1393 1639 Nam
1436 1588 1646 1638 Modius

593 1666 809 1729 fecerat,
829 1681 892 1715 ω
910 1666 1001 1716 As.
1023 1668 1202 1729 prada,
1220 1678 1333 1728 quae
1357 1678 1439 1714 res
1464 1662 1647 1713 indux-

592 1739 637 1787 it
658 1740 785 1788 alios
818 1746 878 1788 nt
910 1746 1075 1788 totum
1101 1739 1198 1788 boe
1220 1752 1316 1801 pro
1336 1738 1646 1800 glossemate

591 1812 844 1861 baberent
878 1828 895 1872 ς
939 1812 1031 1861 sed
1084 1826 1189 1863 non
1241 1818 1361 1861 est:
1418 1810 1646 1861 ostendit

590 1886 727 1936 enim
748 1885 941 1950 injuria
968 1885 1200 1936 fastidire
1233 1884 1430 1946 Asiam,
1462 1885 1644 1949 quibus

590 1963 712 2013 inde
738 1969 815 2013 tot
839 1968 1085 2026 tantaque
1122 1961 1341 2011 fuissent
1360 1960 1643 2011 commoda.

588 2038 871 2101 Habetque
891 2037 981 2087 illa
1004 2038 1185 2087 vocula
1205 2050 1367 2099 nempe
1392 2036 1642 2099 insignem

588 2113 691 2162 vim
730 2111 1021 2163 inculcandi
1055 2126 1170 2162 cnm
1205 2110 1425 2176 quadam
1457 2124 1640 2174 expro-

586 2188 825 2239 bratione
858 2200 1091 2252 persone
1132 2200 1415 2248 canssaeve,
1450 2186 1518 2235 de
1540 2200 1646 2251 qua

586 2264 778 2327 agitur,
802 2263 1060 2313 meritum.
1126 2260 1281 2326 Apud
1307 2262 1421 2311 Lis.
1446 2272 1641 2313 xxxtv.

584 2347 635 2391 δ.
661 2346 741 2392 10.
806 2340 1045 2391 Valerius
1076 2339 1313 2402 abrogari
1338 2340 1503 2402 legem
1527 2338 1638 2401 Op-

585 2418 721 2482 piam
760 2416 1003 2475 suadens,
1038 2428 1132 2479 pro
1170 2413 1445 2464 matronis:
1485 2413 1640 2464 ι,ἱιιιιι

584 2495 713 2546 urbe
752 2500 909 2558 napta
942 2508 974 2543 a
1010 2493 1198 2555 Gallis,
1230 2506 1334 2558 qno
1367 2491 1640 2554 redempta

580 2571 705 2621 urbs
718 2569 835 2619 est?
852 2582 1038 2633 nempe
1056 2582 1233 2618 aurum
1248 2574 1497 2617 matrone
1514 2580 1637 2616 eon·

581 2659 735 2696 sensu
763 2645 988 2694 omnium
1022 2643 1073 2692 iu
1106 2643 1369 2708 publicum
1404 2641 1636 2691 contule·

583 2719 740 2770 runt?
773 2719 991 2769 Freinsh-
1484 2743 1491 2748 ·

646 2797 763 2858 §26
798 2793 965 2842 Elian
998 2792 1101 2855 spei
1128 2789 1323 2852 ποσίν-ω]
1358 2790 1473 2840 Νοιι
1498 2803 1633 2852 pre-

580 2867 753 2920 sentia
797 2864 949 2916 modo
1004 2865 1373 2929 dilapidarunt,
1426 2863 1519 2912 sed
1566 2877 1633 2912 ne

578 2955 722 3004 spem
767 2940 991 3004 quidem,
1026 2953 1141 3002 quoe
1176 2939 1341 2988 omnis
1378 2938 1431 2986 in
1463 2939 1633 3000 armis,

577 3016 731 3078 plura
761 3013 1059 3076 acquirendi
1080 3013 1175 3063 sibi
1199 3013 1530 3076 reliquerunt,
1551 3014 1632 3077 ip·

578 3101 638 3136 sa
678 3101 819 3137 arma
854 3087 1054 3151 pignori
1087 3087 1370 3139 tradentes.
1438 3089 1630 3139 Mirum

576 3170 751 3214 sutem
797 3163 895 3212 hoe
924 3163 1023 3213 sub
1061 3163 1361 3214 Alexandro
1404 3164 1632 3216 licuisse.

572 3237 713 3288 Saue
746 3237 985 3286 Romanis
1008 3238 1253 3300 moribus,
1289 3240 1504 3302 ipsaque
1524 3241 1629 3288 evi-

576 3309 721 3360 denti
743 3311 963 3371 ratione,
990 3310 1043 3359 id
1068 3311 1303 3363 vetitum.
1325 3313 1359 3360 l.
1384 3325 1471 3362 ιιι.
1493 3314 1522 3377 §
1547 3317 1629 3362 18.

573 3385 643 3435 de
666 3385 735 3434 R.
758 3385 837 3434 Μ.
878 3385 893 3414 ‘
912 3385 1085 3449 Miles,
1116 3389 1205 3451 qui
1240 3389 1294 3438 in
1326 3388 1463 3438 bello
1485 3402 1631 3439 arma

574 3459 769 3520 amisit,
793 3459 872 3509 vel
896 3460 1161 3524 alienavit,
1186 3463 1362 3523 capite
1382 3462 1628 3523 punitur-⁹

576 3533 683 3585 Ubi
716 3535 925 3583 verbum
961 3536 977 3563 ⁴
996 3535 1292 3598 alienandi,’
1332 3537 1471 3600 quod
1493 3546 1548 3588 et
1573 3539 1628 3586 in

571 3611 610 3657 1.
656 3621 773 3657 xn‘.
808 3610 836 3670 ς
876 3613 926 3657 l.
964 3621 1025 3657 eo
1065 3611 1339 3672 repetitur,
1372 3613 1535 3660 etiam·
1562 3611 1628 3661 sd

574 3681 803 3744 pignoris
838 3693 1023 3730 nexum
1057 3683 1271 3732 extendi
1298 3683 1451 3733 docet
1474 3686 1505 3733 1.
1530 3686 1627 3733 ιι1ι.

575 3754 703 3806 Cod.
720 3755 785 3804 de
802 3755 931 3806 neb.
950 3753 1121 3807 Alien.
1142 3773 1241 3808 non
1263 3759 1418 3809 alien.
1454 3761 1624 3810 Frein-

572 3830 799 3880 alieniss-

638 3907 668 3969 §
690 3909 754 3954 2⁷
790 3903 1021 3954 Peuicum
1052 3905 1341 3970 concubinis]
1394 3907 1623 3958 Invidio-

572 3981 773 4031 sissina
812 3979 1136 4031 Cataehresis
1170 3997 1187 4042 ;
1240 3996 1361 4031 nam
1412 3983 1624 4048 quinam

572 4057 677 4106 siut
712 4061 727 4084 ‘
746 4055 1043 4106 concubini’
1076 4071 1141 4107 ex
1180 4057 1509 4122 Ganymedis,
1544 4057 1623 4108 fe·

571 4130 891 4181 dissimarnm
916 4131 1212 4182 deliciarum
1248 4135 1417 4196 gratia
1436 4135 1491 4182 in
1514 4148 1618 4184 coe-

570 4206 677 4255 lum
722 4209 877 4272 rapti,
910 4209 1205 4273 turpissima
1234 4207 1407 4260 fabula
1442 4217 1620 4262 notum

1298 390 1513 441 No'rAE.
1560 390 1960 440 vamotum
2010 391 2090 441 ΙΝ

1725 534 1884 583 satis:
1919 540 1976 583 et
1995 534 2071 583 sic
2103 534 2158 583 in
2190 533 2208 562 ‘
2229 530 2514 583 Catamito'
2549 530 2778 594 explieat

1727 608 1915 658 Festus
1935 608 2231 669 Pompeius,
2254 615 2310 656 et
2325 606 2533 656 Servius
2549 606 2616 656 ad
2632 607 2778 670 virg.

1729 683 1842 731 Eel.
1877 695 2004 731 νιιι.
2035 686 2120 733 80.
2151 684 2226 731 sie
2260 682 2512 733 Quinctil.
2550 683 2781 732 Declam-

1727 772 1789 807 ιι.
1809 762 1860 807 6.
1883 764 1897 787 ·
1921 758 2190 821 singularis
2213 772 2298 807 res
2315 765 2398 807 est
2419 756 2570 807 fortis
2592 771 2781 807 eoncu-

1726 832 1874 883 binus
1895 832 1928 881 ='
1965 840 2020 882 et
2057 832 2238 882 eodem
2272 846 2422 881 sensu
2459 832 2666 882 Catullo
2701 846 2778 881 re-

1724 909 1922 973 petitur
1941 909 1992 959 in
2014 910 2241 973 Epithal.
2265 908 2447 957 Mallii.
2478 908 2581 957 Sed
2605 908 2688 957 bic
2709 908 2776 957 de

1725 986 1961 1049 nequiore
1995 999 2122 1035 sexu
2161 984 2406 1048 singulari
2439 985 2698 1046 exemplo,
2721 992 2777 1035 et

1724 1061 1930 1111 videtur
1968 1060 2219 1111 adludere
2254 1060 2318 1109 ad
2355 1060 2774 1124 contubernales,

1724 1138 1887 1201 quiin
1915 1136 2102 1187 militia
2127 1147 2308 1186 mutua
2339 1136 2444 1186 fide
2477 1144 2535 1186 et
2565 1150 2666 1199 ope
2701 1138 2774 1188 vi-

1723 1212 1912 1262 dentur
1951 1212 2236 1276 conjuncti,
2275 1218 2330 1261 et
2367 1211 2510 1276 quasi
2548 1214 2774 1275 cognati,

1721 1300 1878 1351 quum
1899 1287 1950 1335 bi
1973 1287 2338 1349 indignissimis
2361 1287 2547 1336 scortis
2569 1286 2774 1337 obnoxii

1722 1361 1788 1411 ab
1809 1363 1946 1412 omni
1979 1362 2188 1412 militari
2215 1362 2487 1425 disciplina
2519 1359 2774 1424 flagitiosa

1721 1437 1988 1501 voluptate
2021 1438 2096 1486 ita
2124 1436 2505 1501 inquinaverint
2538 1437 2776 1501 honesta,

1719 1518 1778 1560 et
1797 1512 1980 1574 ignava
2012 1510 2224 1561 libidine
2261 1511 2396 1561 adeo
2422 1511 2768 1575 degenerave-

1719 1586 1843 1641 rint,
1877 1594 1936 1635 ut
1957 1586 2066 1635 sint
2083 1593 2338 1650 tamquam
2361 1588 2662 1650 prostibula,
2679 1588 2772 1637 de·

1719 1660 1965 1711 decorum
2009 1662 2276 1725 patientia
2307 1669 2490 1712 eontra
2533 1670 2770 1713 naturam

1719 1736 2053 1797 subjicienda,
2079 1744 2234 1801 atque
2257 1745 2315 1786 nt
2335 1751 2438 1786 non
2459 1736 2612 1787 modo
2635 1737 2770 1788 inter

1718 1813 1934 1874 pellices
1978 1820 2150 1875 agant,
2201 1827 2317 1877 qne
2360 1820 2482 1862 ante
2535 1814 2768 1864 devictos

1717 1886 1909 1936 Persas
1953 1886 2006 1935 in
2048 1888 2390 1937 Macedonum
2437 1888 2618 1937 eastris
2660 1902 2764 1937 non

1717 1962 2105 2022 tolerabantur3
2139 1962 2229 2012 sed
2264 1970 2316 2013 et
2349 1962 2448 2012 illis
2477 1970 2766 2013 monstrosa

1715 2035 1925 2086 infamia
1945 2038 2246 2087 succubent.
2312 2038 2430 2087 Nisi
2448 2038 2572 2088 velis
2587 2038 2764 2087 ἀναλο-

1713 2116 1859 2171 queas
1895 2112 2178 2175 explicare,
2221 2114 2368 2176 qnasi
2405 2114 2490 2177 qui
2529 2128 2766 2163 concum-

1719 2185 1848 2235 bant
1883 2200 2001 2235 eum
2045 2187 2330 2249 pellicibus,
2373 2196 2430 2236 et
2475 2188 2766 2239 libidinibus

1716 2260 1912 2311 addicti
1953 2262 2260 2310 severiorem
2303 2262 2502 2311 militie
2538 2263 2766 2325 discipli·

1714 2350 1832 2385 nam
1868 2336 2153 2399 negligant,
2177 2343 2232 2385 et
2260 2336 2380 2385 hinc
2413 2337 2536 2385 nibil
2571 2346 2764 2400 praeter

1715 2414 1878 2462 otium
1925 2421 1980 2462 et
2020 2413 2224 2462 onerosi
2272 2411 2394 2461 belli
2441 2412 2758 2462 vacationem

1713 2495 1954 2552 spectent
1975 2488 2256 2549 mulierosi,
2273 2489 2656 2538 contumeliosis
2675 2489 2762 2538 de·

1711 2564 1845 2613 liciis
1889 2562 2066 2622 fracti,
2099 2569 2156 2612 et
2196 2562 2264 2612 ad
2305 2564 2554 2626 ignaviam
2588 2563 2761 2614 defor-

1713 2638 1858 2686 mati.
1893 2637 2046 2686 Snuk.
2519 2675 2529 2686 ,

1778 2712 1840 2760 In
1861 2713 1984 2774 quod
2005 2712 2313 2775 impenditur]
2359 2713 2642 2776 Eleganter
2661 2714 2760 2765 hoc

1709 2787 1916 2850 explevi
1963 2786 2141 2836 addita
2179 2787 2374 2850 syllaba
2411 2789 2478 2844 in,
2518 2789 2761 2852 iutelligit

1709 2870 1880 2912 autem
1918 2863 2126 2912 Curtius
2159 2870 2349 2910 scorta.
2385 2862 2596 2912 Medius.
2645 2864 2762 2912 -Jn-

1701 2937 1948 3000 mitur]
1981 2937 2067 2987 Sc.
2089 2943 2289 2987 venter.
2323 2935 2547 2986 Sebisias.
2601 2938 2762 2986 Nem-

1707 3027 1777 3077 pe
1813 3012 2027 3077 pellices
2059 3011 2180 3061 sola
2213 3021 2491 3076 supersunt
2523 3026 2589 3062 ex
2613 3021 2760 3062 tanta

1707 3089 1902 3153 preda,
1943 3089 1992 3137 in
2033 3102 2160 3152 quas
2191 3089 2316 3150 ipsa
2349 3101 2476 3151 opes
2510 3087 2756 3150 impensas

1705 3170 1846 3213 sunt.
1912 3162 1999 3211 Ita
2016 3160 2289 3211 Tellierins
2307 3177 2321 3209 ι
2345 3161 2458 3210 aliis
2475 3167 2638 3210 uenter
2653 3169 2755 3224 est,

1705 3238 1759 3286 in
1791 3251 1944 3302 quem
1979 3235 2212 3300 impensa
2239 3242 2376 3296 suut,
2415 3236 2490 3285 ita
2523 3235 2756 3285 Sebisius

1705 3320 1760 3362 et
1802 3312 2048 3362 I’itiscns.
2117 3311 2286 3374 Vulgo
2329 3312 2382 3360 ιἰι
2428 3309 2754 3374 posthabent.

1708 3389 1886 3438 cellar.

1773 3464 1894 3512 cnm
1917 3459 2108 3520 Persis]
2145 3461 2346 3522 Nempe
2369 3459 2436 3508 de
2457 3458 2640 3522 quibus
2665 3457 2755 3506 Di·

1703 3538 1844 3586 odor.
1869 3549 2006 3584 innt-
2023 3539 2136 3584 108.
2159 3535 2269 3597 ipse
2294 3536 2502 3585 Curtius
2526 3548 2580 3585 x.
2603 3540 2652 3585 3.
2675 3539 2752 3584 111.

1704 3610 1924 3660 Freinsh.

1769 3687 1796 3747 ς
1839 3687 1904 3733 28
1939 3681 2230 3746 Redeamus]
2287 3681 2418 3732 Hac
2461 3696 2632 3732 amare
2676 3685 2750 3732 di·

1703 3767 1887 3808 cuntur
1907 3773 2023 3806 cum
2047 3758 2400 3821 sequentibus,
2433 3772 2594 3821 qnare
2617 3759 2752 3808 male

1699 3831 1917 3893 faciunt,
1960 3833 2048 3896 qui
2103 3841 2276 3883 notam
2331 3833 2748 3896 interrogationis

1699 3908 1888 3971 ubique
1911 3908 2244 3958 interserunt.
2279 3907 2491 3956 Medius.

1762 3984 1790 4046 §
1811 3987 1876 4032 29
1899 3983 2134 4040 Quantum
2151 3981 2398 4044 dungo]
2421 3982 2654 4046 Polyaen.
2671 3996 2751 4033 tv.

1697 4061 1745 4106 8.
1763 4060 1812 4107 7.
1846 4060 1862 4086 ⁶
1882 4057 2172 4119 Mandavit,
2205 4066 2263 4106 ut
2294 4056 2478 4106 armati
2500 4057 2746 4108 Macedo·

1697 4147 1788 4183 nes
1828 4135 2037 4184 seorsim
2071 4148 2102 4182 a
2131 4133 2320 4182 ceteris
2341 4139 2573 4184 starent:
2607 4147 2636 4180 e
2667 4145 2746 4180 re-

1694 4211 1846 4273 gione
1885 4223 2007 4258 vero
2043 4208 2236 4258 Persae·
2263 4247 2268 4254 .
2300 4207 2402 4260 Qui
2423 4221 2538 4258 cum
2561 4208 2745 4256 disces-
