3222 4944
817 908 1368 990 RECENSUS
1437 910 1955 990 CODICUM
2026 914 2265 993 MSS.

987 1190 999 1205 ·
1145 1156 1236 1237 Q.
1283 1157 1624 1225 GURTII
1671 1159 1911 1225 RUFI

583 1397 716 1451 0111
746 1400 830 1451 IN
864 1399 1383 1455 BIBLIOTHECIS
1420 1404 1902 1460 BRITANNICIS
1942 1408 2480 1463 ASSERVANTUR.

1013 1863 1262 1929 Codices
1287 1864 1356 1929 in
1388 1864 1610 1933 Museo
1640 1867 2040 1936 Britannico.

513 2034 599 2100 In
655 2035 1152 2127 Bibliom.1zeg.
1195 2006 1296 2105 ιγ’
1332 2040 1392 2104 F
1423 2059 1473 2105 1.
1545 2041 1799 2122 Quinte
1845 2046 2057 2113 curse
2087 2047 2254 2113 Rus.
2284 2047 2431 2115 Des
2463 2048 2630 2113 Faiz

428 2134 912 2219 d’Alexandre,
940 2140 1007 2206 9.
1043 2139 1198 2206 Lib.
1237 2161 1407 2209 aveo
1455 2142 1851 2211 Peinctures
1900 2148 2137 2213 belleS.
2220 2148 2629 2215 Translates

425 2260 551 2324 par
579 2240 862 2327 Vasque
892 2244 976 2307 de
1016 2242 1288 2309 Lucene
1333 2246 1781 2329 Portugalois.
1849 2248 2127 2335 Escript
2154 2269 2279 2335 par
2328 2252 2399 2317 la
2445 2251 2628 2317 main

426 2339 510 2406 de
538 2343 750 2409 Ieban
778 2344 867 2410 du
903 2345 1190 2425 chesne,
1226 2343 1270 2409 a
1297 2346 1494 2412 Lille.

509 2444 600 2510 15
631 2446 700 2512 D
733 2462 836 2511 lv.
896 2446 1154 2528 Quinte
1195 2445 1410 2513 Curse
1440 2446 1664 2528 Ruffe,
1698 2448 1845 2515 Des
1879 2451 2046 2518 Faiz
2072 2452 2167 2519 du
2192 2460 2386 2538 grant
2406 2452 2627 2520 Alex-

421 2546 650 2627 andre,
679 2551 806 2615 Sto.
895 2549 1089 2614 Idem
1116 2557 1196 2614 ut
1227 2570 1455 2635 supra,
1487 2569 1651 2616 saeo.
1686 2567 1821 2616 XV.

505 2648 594 2714 20
638 2649 696 2714 C
729 2667 850 2715 111.
894 2649 1106 2716 Idem.
1152 2651 1240 2717 A.
1272 2651 1470 2717 1468.

510 2751 596 2816 In
628 2749 940 2818 Bibliotk.
975 2750 1175 2817 Harl.
1220 2753 1312 2819 N.
1343 2754 1540 2820 2727
1591 2752 1894 2832 Quintus
1935 2755 2202 2822 curtius
2256 2757 2344 2822 de
2385 2727 2626 2824 Rebus

421 2853 662 2920 Gestis
691 2853 1064 2920 Alexandri
1089 2853 1348 2938 Magni.
1396 2854 1573 2922 Saec.
1607 2872 1662 2920 x
1677 2873 1740 2918 v.

509 2953 604 3019 N.
629 2955 824 3020 2757.
871 2954 1110 3034 Quinti
1140 2957 1354 3024 Curtii
1381 2956 1466 3022 de
1494 2959 1697 3024 rebus
1727 2957 1964 3024 Gestis
1992 2957 2363 3029 Alexandri
2393 2903 2625 3136 Magni

425 3055 613 3120 Libri
645 3071 727 3119 x.
797 3056 958 3120 Duo
989 3057 1242 3139 priores
1273 3058 1754 3125 desiderantur.
1822 3061 2001 3126 Saec.
2035 3077 2172 3128 xv.

509 3155 605 3222 N.
633 3155 829 3222 4842.
876 3157 1049 3224 Cod.
1101 3161 1462 3226 membran.
1513 3160 1796 3223 illumin.
1843 3163 2056 3226 nitide
2096 3163 2413 3245 scriptus,
2458 3183 2623 3230 saec.

433 3271 568 3322 xv,
656 3257 799 3321 Sub
829 3257 1069 3323 finem.
1136 3260 1322 3324 ‘Per
1350 3279 1458 3323 me
1490 3259 1927 3326 Franciscum
1956 3259 2322 3326 Caballum
2354 3258 2627 3328 Monte·

421 3358 830 3424 fortunatum
856 3357 967 3422 bio
999 3357 1172 3422 liber
1199 3357 1490 3424 feliciter
1519 3366 1630 3423 est
1657 3359 2059 3443 completuri,
2088 3359 2304 3424 1464:

508 3459 754 3526 Codex
788 3455 1038 3524 Cotton.
1082 3458 1304 3539 Titus,
1337 3459 1430 3524 D.
1465 3473 1610 3524 xx.
1656 3458 1971 3539 continet,
2010 3459 2182 3526 inter
2230 3459 2388 3538 alia,
2437 3460 2624 3547 (Art.

418 3559 563 3642 27.)
603 3559 982 3628 Alexandri
1013 3557 1246 3644 Magni
1278 3559 1516 3639 Gesta,
1562 3579 1653 3625 ex
1701 3559 1965 3640 Quinto
2010 3560 2268 3628 Curtio.
2330 3560 2623 3630 Partim

419 3664 786 3729 membran.
818 3664 1068 3747 partim
1095 3664 1781 3730 chartao.saec.x1v.

505 3765 588 3829 In
614 3763 835 3830 Gatal.
868 3763 1040 3830 Mss
1070 3764 1479 3852 Indesoript.
1523 3766 1596 3831 in
1625 3764 1875 3831 Museo
1904 3764 2162 3834 Britan·
2190 3772 2623 3836 conservato·

419 3885 586 3944 rum,
616 3866 749 3931 vol.
780 3883 832 3930 ι.
875 3885 947 3950 p.
971 3866 1125 3932 846.
1194 3865 1486 3946 Quintus
1532 3866 1832 3934 Curtius.
1896 3865 2241 3934 Annotata
2268 3867 2354 3931 de
2383 3865 2621 3934 Rebus

421 3965 797 4032 Alexandri
829 3965 1086 4051 Magni.

507 4069 687 4134 Inter
721 4066 1014 4135 Codices
1046 4066 1465 4150 Burneianus,
1523 4070 1616 4138 N..
1657 4071 1811 4138 168.
1863 4071 2017 4137 cod.
2065 4069 2207 4136 Ms.
2237 4070 2608 4137 membran.

416 4171 652 4237 collat.
694 4170 779 4235 ad
809 4172 1092 4258 paginas
1123 4170 1440 4238 editionis
1489 4171 1705 4239 Henr.
1732 4171 2196 4255 snakenburg,
2241 4187 2401 4257 quae
2447 4170 2616 4239 Del-

417 4272 572 4356 phis
596 4281 666 4338 et
709 4271 922 4356 Lugd.
951 4273 1110 4344 Bat.
1140 4273 1320 4342 edita
1347 4279 1450 4343 est
1475 4273 1670 4343 1724.
