3222 4944
1186 476 1258 533 o.
1306 474 1571 523 ommi
1625 476 1832 525 num.
2442 438 2616 527 1618

501 616 657 678 1765
698 617 934 699 Lipsiae.
969 623 1065 683 12.
1090 642 1145 684 c.
1176 642 1237 684 n.
1269 624 1611 706 christoph.
1641 618 1904 687 cellarii.

502 715 657 774 1768
700 716 1055 797 Lemgovioe.
1080 721 1139 781 8.
1171 720 1299 782 Lat.
1330 734 1392 781 et
1418 722 1617 784 Germ.

499 813 655 872 1769
696 813 973 875 Londini.
1007 818 1102 878 12.
1134 816 1433 897 Repetitio
1462 819 1559 879 ed.
1586 817 1772 879 Mich.
1803 817 2090 879 Maittarii
2125 820 2303 881 1716.

502 911 657 969 1770
700 909 981 973 Berolini.
1012 916 1071 975 8.
1097 934 1223 975 cur.
1270 914 1432 976 Petr.
1462 915 1700 977 Millero
1727 935 1861 976 cum
1890 915 2158 977 versione
2187 916 2423 979 Gallica
2448 919 2610 981 Vau-

414 1004 647 1083 gelasii.
678 1008 975 1087 Repetitio
1002 1010 1099 1071 ed.
1131 1013 1307 1071 1746.

503 1104 661 1163 1774
702 1104 997 1185 Lugduni.
1031 1109 1126 1168 12.
1159 1128 1296 1169 cum
1319 1112 1585 1171 versione
1615 1056 1852 1171 Gallica
1875 1111 2241 1193 Vaugelasii.
2264 1114 2303 1171 2
2332 1110 2472 1174 voll.

499 1201 656 1260 1776
696 1202 853 1283 Aug.
882 1204 1065 1266 Vind.
1098 1208 1159 1267 8.
1185 1225 1241 1265 c.
1272 1227 1333 1266 n.
1361 1205 1566 1269 Germ.
1596 1208 1733 1269 Em.
1751 1208 1998 1269 Sinceri.

504 1297 659 1357 1777
704 1298 1135 1382 Norimbergoe‚
1170 1306 1267 1363 12.
1297 1324 1433 1364 cum
1464 1305 1675 1385 Suppl.

502 1395 680 1454 1778.
725 1396 1034 1478 Herbipoli
1063 1413 1127 1461 et
1155 1400 1385 1473 Fuldae.
1416 1404 1477 1461 8.
1507 1401 1586 1462 ad
1615 1402 1870 1481 optimas
1899 1401 2188 1464 editiones
2216 1422 2448 1463 recusa.

503 1490 660 1551 1782
702 1493 964 1572 Biponti.
997 1498 1055 1558 8.
1084 1497 1224 1577 maj.
1256 1498 1333 1567 Q.
1364 1497 1553 1559 Curtii
1582 1498 1722 1558 Rufi
1750 1498 1826 1558 de
1871 1500 2047 1559 rebus
2077 1498 2262 1578 gestis
2294 1497 2614 1559 Alexandri

419 1586 511 1647 M.
544 1586 721 1663 Libri,
751 1610 886 1651 cum
915 1592 1354 1673 supplementis
1376 1590 1915 1656 Jo.Fre1nshemn
1996 1594 2382 1655 Proemittitur
2407 1595 2618 1655 notitia

414 1681 692 1748 literaria.
775 1687 1027 1749 Accedit
1056 1690 1265 1753 Index.
1352 1691 1578 1752 Studiis
1610 1691 1928 1752 Societatis
1970 1691 2332 1770 Bipontinoe.
2419 1690 2617 1807 Editio

418 1794 719 1845 accurata.
804 1786 939 1867 Bip.
968 1807 1041 1847 ex
1064 1788 1459 1869 typographia
1482 1788 1823 1849 Societatis.
1853 1790 1891 1846 2
1923 1786 2064 1849 voll.

506 1883 664 1941 1790
710 1884 1099 1945 Mannhemii.
1110 1886 1191 1946 8.
1245 1885 1390 1947 min.
1421 1886 1496 1955 Q.
1530 1883 1720 1946 Curtii
1750 1884 1891 1945 Rufi
1919 1884 1994 1945 de
2024 1886 2199 1944 rebus
2226 1882 2411 1964 gestis
2438 1882 2620 1944 Alex-

418 1976 591 2037 andri
617 1976 707 2040 M.
732 1980 1057 2041 secundum
1088 1982 1343 2062 optimas
1372 1982 1844 2061 novissimaeque
1873 1982 2185 2042 editiones.

509 2076 664 2133 1792
710 2076 945 2138 Oxonii.
978 2082 1036 2137 8.
1066 2078 1265 2140 Varioe
1294 2080 1605 2140 Lectiones
1635 2090 1696 2139 et
1717 2078 2143 2158 supplementa
2165 2076 2241 2145 Q.
2268 2076 2458 2137 Curtii
2481 2074 2620 2135 Rufi

421 2189 456 2229 e
488 2170 647 2232 Mae.
673 2171 831 2232 Coll.
860 2172 1041 2253 Corp.
1074 2175 1220 2237 Chr.
1264 2186 1326 2237 et
1352 2176 1527 2236 Bodl.
1616 2176 1683 2235 In
1715 2174 1911 2237 Musei
1955 2174 2313 2235 oxoniensis
2356 2172 2621 2233 Literarii

424 2267 787 2347 Conspectu.
816 2270 1034 2330 Oxonii
1070 2274 1245 2331 1792.
1275 2292 1413 2351 pag.
1448 2274 1666 2333 1—30.

510 2364 668 2424 1794
714 2366 911 2426 Halae.
961 2370 1059 2427 12.
1107 2369 1185 2438 Q.
1235 2368 1423 2428 Curtii
1471 2368 1910 2448 RufiaHistoria
1937 2366 2264 2428 Alexandri
2307 2366 2394 2425 M.
2427 2366 2627 2440 Halae,

426 2464 718 2525 sumtibus
748 2464 1311 2547 orphanotrophaei.

519 2561 674 2619 1795
718 2561 1103 2624 Helmstadii.
1142 2567 1202 2626 8.
1246 2564 1322 2633 Q.
1367 2563 1555 2624 Curtii
1586 2563 1726 2622 Rufi
1756 2562 1832 2622 de
1879 2562 2056 2622 rebus
2085 2561 2270 2640 gestis
2301 2558 2628 2620 Alexandri

428 2654 520 2716 M.
570 2656 727 2717 Libri
773 2659 1147 2737 superstites.
1232 2661 1283 2718 E
1331 2661 1676 2722 recensione
1739 2669 1801 2719 et
1853 2678 1989 2718 cum
2037 2655 2478 2737 Supplementis
2527 2656 2626 2715 J0.

432 2752 841 2816 Freinshemii.
882 2755 1184 2818 Varietate
1213 2758 1485 2819 lectionis
1516 2768 1694 2836 atque
1715 2764 2006 2837 perpetua
2033 2751 2418 2814 adnotatione
2461 2751 2628 2810 illus-

431 2850 570 2911 trati
596 2871 633 2910 a
659 2851 785 2914 Dit.
812 2854 1025 2914 Joach.
1070 2854 1299 2916 Theod.
1348 2857 1571 2916 Cunze.
1656 2851 1990 2912 voluminis
2021 2871 2074 2913 1.
2120 2849 2270 2910 Pars
2322 2870 2374 2910 1.
2421 2847 2631 2908 Helm-

431 2947 609 3008 stadii
636 2968 733 3029 ap.
758 2949 832 3011 C.
858 2951 938 3012 G.
964 2951 1333 3014 Fleckeisen.

1135 3475 1947 3556 VERSIONES.

1293 3645 1786 3756 HISPAfficAE.

528 3853 675 3914 1481
724 3849 811 3910 La
839 3843 1107 3906 Historia
1133 3842 1209 3904 de
1236 3842 1577 3904 Alexandro
1621 3841 1800 3900 scrita
1828 3838 1904 3898 de
1933 3836 2157 3906 Quinto
2187 3832 2393 3893 Curtio
2437 3829 2638 3904 Ruffo,

442 3948 699 4009 dialecto
725 3943 1067 4015 valentina,
1114 3939 1189 4002 e‘x
1236 3959 1481 4001 romano
1524 3945 1818 4009 sermone,
1863 3933 2184 4012 interprete
2237 3927 2536 3991 Ludovico
2565 3925 2642 3985 de

442 4043 749 4104 Fenollet:
796 4042 1127 4102 Barcinone
1146 4043 1255 4118 'per
1280 4036 1523 4097 Petrum
1553 4035 1715 4095 Posa
1737 4030 2184 4092 Gotholaunum
2203 4020 2643 4122 Presbyterum,

442 4152 509 4204 et
536 4140 779 4200 Petrum
808 4139 929 4199 Bru
950 4134 1295 4198 Sabaudum
1326 4134 1543 4194 socios.
1572 4129 1704 4191 Fol.

538 4238 694 4299 1496
737 4238 816 4307 Q.
848 4235 1091 4298 Curtius
1129 4231 1366 4307 Rufius,
1405 4229 1658 4310 hispano
1688 4244 1977 4298 sermone,
2017 4241 2138 4284 una
2164 4239 2298 4282 cum
2327 4217 2646 4281 collatione
