3222 4944
636 402 808 470 1566
1272 419 1445 469 eun.
1494 418 1878 469 saur-torus
1927 420 2185 471 survi..

638 588 887 649 surgens
930 569 1071 630 inde
1109 578 1277 648 pater
1302 578 1511 630 contra
1556 570 1954 630 Alexandrum
1997 570 2207 633 stricto
2245 586 2380 627 eum
2425 568 2594 649 petiit
2641 571 2812 645 ferro,

636 667 791 726 ictus
832 677 1052 737 tamen,
1092 664 1473 726 inclinatione
1512 666 1774 744 corporis
1817 668 1891 725 ab
1929 664 2272 727 Alexandro
2307 665 2582 738 evitatus,
2623 666 2813 727 inanis

637 762 879 824 excidit.
977 762 1145 823 Tunc
1192 760 1529 821 Alexander
1582 761 1864 821 conviciis
1919 771 2146 840 patrem
2199 760 2466 831 adortus,
2514 771 2812 842 receptam

638 857 1055 939 Olympiadem
1096 868 1341 917 matrem
1388 876 1589 917 secum
1632 856 1690 915 in
1729 856 1972 935 Epirum
1997 855 2186 917 duxit.
2271 857 2424 919 Eum
2447 866 2648 917 tamen
2677 857 2818 917 Phi·

634 954 851 1035 lippus,
872 955 1222 1032 exprobrata
1248 952 1363 1012 sibi
1387 971 1424 1010 a
1452 951 1772 1012 Demarato
1793 951 2102 1011 Corinthio
2128 952 2242 1013 hac
2269 972 2474 1015 eorum
2494 952 2814 1025 discordia,

634 1050 815 1130 paulo
861 1060 1001 1129 post
1044 1046 1242 1108 multis
1290 1048 1560 1127 precibus
1602 1066 1762 1127 segre
1803 1048 2119 1109 revocavit.
2206 1048 2365 1109 Inter
2403 1048 2538 1110 boec
2577 1050 2815 1129 nuptias

637 1146 971 1223 Cleopatroe
1018 1143 1153 1203 filim
1203 1154 1266 1203 et
1320 1142 1641 1203 Alexandri
1693 1142 1888 1203 fratris
1938 1142 2331 1223 Olympiadis,
2385 1164 2584 1223 quem,
2639 1147 2815 1229 pulso

610 1240 867 1312 Arisba,
908 1258 1105 1318 regem
1152 1238 1315 1318 Epiri
1358 1238 1596 1312 fecerat,
1643 1237 1952 1316 Philippus
2000 1238 2282 1299 celebrat.
2367 1240 2511 1301 Dies
2553 1253 2680 1302 erut
2707 1261 2816 1323 pro

634 1335 1071 1413 magnificentia
1096 1334 1345 1395 duorum
1371 1353 1599 1412 regum,
1640 1344 1702 1393 et
1733 1334 2084 1395 collocantis
2108 1333 2310 1407 filiam,
2339 1348 2404 1396 et
2429 1355 2674 1398 uxorem
2703 1338 2818 1399 du-

634 1432 845 1503 centis,
868 1429 1144 1509 insignis.
1226 1429 1349 1490 Sed
1378 1448 1489 1489 nec
1516 1429 1790 1489 ludorum
1817 1430 2128 1491 celebritas
2172 1429 2398 1506 deerat,
2446 1432 2522 1492 ad
2565 1452 2814 1513 quorum

634 1525 1039 1607 spectaculum
1082 1525 1392 1605 Philippus
1438 1544 1573 1586 cum
1623 1527 1750 1585 sine
1795 1525 2144 1586 custodibus
2187 1527 2416 1587 medius
2463 1528 2614 1588 inter
2661 1528 2814 1590 duos

634 1623 1025 1693 Alexandros,
1056 1620 1241 1681 filium
1286 1640 1709 1700 generumque,
1737 1620 2102 1698 procederet,
2129 1622 2454 1683 Pausanias
2486 1625 2701 1685 nobilis
2741 1646 2815 1685 ex

634 1717 1085 1788 Macedonibus,
1126 1716 1343 1775 nemini
1370 1726 1684 1795 suspectus
1713 1714 2084 1790 adolescens,
2124 1732 2478 1797 occupatum
2521 1722 2812 1800 angustiis

634 1814 971 1891 Philippum
1010 1813 1071 1869 in
1122 1811 1371 1869 transitu
1422 1810 1816 1881 obtruncavit,
1857 1811 2130 1891 diemque
2179 1814 2404 1874 laetitioe
2451 1814 2814 1877 destinatum

632 1908 853 1967 foedum
882 1906 1045 1965 luctu
1072 1904 1295 1964 funeris
1324 1904 1485 1967 fecit.
1570 1905 1688 1964 Hic
1715 1923 1860 1984 puer
1887 1922 2154 1986 stuprum
2175 1927 2282 1989 per
2307 1910 2578 1988 injuriam
2599 1930 2812 1990 passus

632 2005 707 2064 ab
738 2002 939 2062 Attalo
968 2001 1179 2071 suerat,
1220 1999 1321 2079 qui
1362 2020 1497 2060 eum
1544 2000 1724 2061 etiam
1771 2013 2000 2080 postea,
2043 2012 2327 2082 tanquam
2367 2006 2481 2066 vile
2530 2021 2811 2080 scortum,

630 2098 856 2159 libidini
882 2095 1257 2157 convivarum
1294 2095 1565 2175 subjecit.
1651 2096 1746 2155 De
1793 2116 1913 2176 quo
1956 2097 2231 2179 Philippo
2277 2113 2666 2180 conquestus,
2711 2107 2812 2183 qui

631 2195 879 2254 multum
902 2190 1138 2271 quidem
1168 2210 1239 2251 ex
1269 2192 1350 2251 rei
1378 2192 1739 2270 turpitudine
1765 2204 1862 2254 est
1897 2205 2116 2268 motus,
2145 2194 2252 2257 sed
2283 2198 2488 2258 Attalo
2527 2200 2606 2260 ob
2649 2220 2815 2281 mag-

631 2310 771 2351 nam
796 2287 1275 2358 familiaritatem,
1317 2297 1377 2348 et
1403 2288 1565 2365 quod
1592 2288 1719 2368 ejus
1747 2309 1930 2369 opera
1953 2300 2096 2351 tunc
2149 2302 2427 2366 uteretur,
2469 2306 2536 2353 ut
2575 2308 2815 2357 noceret

632 2386 830 2447 induci
856 2384 1016 2443 baud
1045 2382 1256 2462 potuit.
1324 2380 1468 2444 Erat
1494 2384 1672 2445 etiam
1703 2385 1939 2447 Attalus
1964 2388 2042 2445 ob
2065 2387 2460 2466 Cleopatram,
2487 2391 2750 2467 proxime
2777 2408 2812 2450 a

628 2501 769 2561 rege
796 2483 859 2542 in
886 2479 1319 2541 matrimonium
1344 2490 1674 2561 acceptam,
1715 2481 2044 2542 arctissima
2082 2481 2136 2540 ei
2163 2482 2408 2560 junctus
2437 2487 2810 2563 cognatione,

630 2579 1051 2659 copiarumque
1091 2575 1153 2634 in
1197 2576 1401 2636 Asiam
1449 2577 1884 2655 praemissarum
1935 2575 2056 2636 dux
2103 2576 2296 2637 fuerat
2319 2577 2610 2653 delectus,
2637 2583 2724 2641 vir
2749 2584 2809 2642 in

628 2677 803 2737 rebus
832 2673 1057 2734 bellicis
1084 2671 1339 2749 egregioe
1360 2669 1742 2730 fortitudinis.
1802 2670 2030 2730 Idcirco
2051 2690 2154 2731 rex
2181 2674 2376 2750 potius
2397 2684 2464 2732 ut
2491 2675 2806 2736 Pausanias

628 2772 887 2830 animum
906 2766 1237 2846 justissimo
1266 2762 1469 2822 dolore
1492 2763 1802 2823 incensum
1831 2765 2110 2823 mulceret
2149 2777 2244 2824 est
2289 2779 2577 2826 conatus:
2619 2770 2806 2829 datis-

628 2885 745 2944 que
774 2865 827 2922 ei
850 2859 1079 2938 magnis
1107 2858 1468 2929 muneribus,
1506 2857 1642 2916 loco
1683 2858 1923 2936 insuper
1965 2858 2306 2929 honestiori,
2347 2859 2500 2918 inter
2541 2867 2803 2941 corporis

628 2960 722 3017 sui
748 2953 1048 3024 custodes,
1076 2949 1411 3010 bonoravit.
1482 2949 1603 3008 Sed
1632 2950 1732 3008 ille
1759 2950 2112 3031 implacabili
2139 2950 2356 3012 ardens
2385 2954 2493 3027 ira,
2519 2955 2799 3031 decrevit,

628 3070 749 3111 non
769 3058 999 3108 tantum
1024 3045 1101 3104 de
1125 3063 1219 3118 eo,
1248 3043 1351 3122 qui
1376 3044 1485 3103 sibi
1512 3043 1784 3123 injuriam
1827 3045 2148 3119 intulisset,
2188 3046 2297 3108 sed
2349 3062 2410 3110 et
2446 3051 2550 3128 qui
2595 3052 2802 3114 ulcisci

626 3147 851 3206 illatam
876 3141 1183 3213 noluisset,
1222 3157 1458 3218 poenam
1500 3159 1752 3213 sumere,
1794 3142 1956 3221 quod
1983 3156 2044 3202 et
2070 3143 2230 3214 fecit,
2271 3156 2340 3205 ut
2383 3145 2656 3211 diximus.
2741 3151 2801 3210 Is

629 3242 937 3320 Philippus
963 3238 1076 3297 etsi
1100 3234 1261 3297 omni
1286 3236 1407 3298 sere
1434 3247 1699 3317 tempore
1729 3238 1982 3318 negotiis
2019 3237 2158 3298 belli
2197 3240 2576 3320 victoriisque
2623 3245 2802 3306 affec·

626 3350 723 3400 tus
750 3335 1155 3412 exercitusque
1177 3341 1358 3416 esset,
1384 3351 1423 3392 a
1446 3333 1674 3393 liberali
1701 3344 1896 3394 tamen
1921 3334 2123 3408 Musa,
2149 3343 2211 3396 et
2236 3355 2286 3394 u·
2299 3336 2513 3398 studiis
2539 3339 2803 3402 humani·

626 3435 768 3496 tatis
794 3447 1095 3509 nunquam
1122 3426 1331 3501 abfuit,
1370 3429 1514 3507 quin
1542 3428 1742 3508 lepide
1768 3430 2125 3510 comiterque
2161 3430 2442 3509 pleraque
2487 3445 2548 3494 et
2589 3436 2802 3498 dixerit

626 3541 687 3592 et
732 3528 957 3588 fecerit.
1036 3523 1195 3583 Vixit
1220 3541 1408 3583 annos
1440 3543 1666 3588 nvn.
1707 3525 1974 3606 regnavit
2019 3543 2198 3586 xxvi
2227 3525 2452 3608 fuitque
2479 3529 2796 3608 vigesimus

630 3623 835 3686 tertius
864 3617 1259 3680 Macedonum
1288 3637 1411 3680 rex.
