3222 4944
625 388 801 455 1508
1362 406 1575 456 Nora
1623 406 2048 457 vectonum.

1361 637 2058 704 SUPPLEMENTUM.

622 802 684 864 4.
728 798 1087 867 Poe-ruunt
1118 816 1253 857 vero
1280 799 1582 877 cognitum
1608 810 1722 872 est,
1765 800 1965 859 Persis
1993 798 2244 858 ducatus
2267 796 2464 868 datos,
2493 794 2788 858 Barbaros

617 898 683 957 in
712 897 900 959 varios
928 894 1160 955 ordines
1188 892 1553 966 distributos,
1572 906 1750 974 atque
1787 894 2173 955 Macedonica
2201 894 2270 953 iis
2299 892 2574 972 imposita
2603 894 2796 953 nomi-

618 1013 719 1065 na,
748 1012 813 1053 se
838 1011 974 1051 vero
1001 990 1388 1069 ignominiose
1428 990 1664 1069 penitus
1713 988 1960 1069 rejectos
1997 1009 2153 1060 esse,
2197 1008 2317 1049 non
2351 989 2480 1067 jam
2533 988 2790 1067 amplius

618 1100 968 1166 conceptum
996 1084 1204 1145 animis
1234 1084 1499 1145 dolorem
1528 1086 1782 1165 perferre
1825 1097 2162 1165 potuerunt.
2247 1088 2307 1146 5.
2349 1083 2471 1145 Sed
2497 1103 2791 1145 concursu

615 1184 676 1242 in
707 1183 924 1263 regiam
952 1182 1131 1251 facto,
1159 1179 1415 1239 interiori
1454 1180 1744 1240 duntaxat
1767 1190 1997 1241 retenta
2023 1180 2245 1253 tunica,
2264 1199 2426 1240 arma
2453 1188 2590 1239 ante
2607 1179 2790 1259 janu-

615 1298 731 1351 am,
759 1276 1115 1357 poenitentiae
1144 1274 1397 1353 signum,
1426 1276 1820 1354 projecerunt,
1845 1295 1914 1335 ac
1937 1295 2058 1354 proe
2080 1276 2301 1336 foribus
2321 1285 2570 1348 stantes,
2599 1276 2784 1335 intro-

612 1374 765 1433 mitti
793 1391 878 1445 se,
922 1371 1147 1451 sibique
1192 1370 1420 1448 ignosci
1462 1371 1802 1449 suppliciter
1847 1382 2024 1449 atque
2066 1372 2276 1431 flentes
2305 1372 2574 1443 orabant,
2602 1382 2787 1449 utque

606 1488 711 1528 rex
738 1468 1039 1549 suppliciis
1084 1468 1206 1527 suis
1236 1467 1428 1547 potius
1459 1476 1684 1525 saturet
1709 1486 1772 1526 se
1802 1486 1980 1544 quam
2009 1466 2418 1526 contumeliis:
2461 1467 2622 1546 ipsos
2665 1466 2780 1526 nisi

607 1564 781 1624 venia
808 1564 1116 1643 impetrata
1143 1582 1264 1622 non
1294 1562 1682 1621 discessuros.
1733 1557 1826 1621 ‘'6.
1871 1562 2022 1630 Quae
2051 1581 2184 1621 cum
2215 1560 2553 1621 Alexandro
2583 1560 2777 1620 nunti·
2807 1582 2816 1591 ·

607 1672 708 1718 ata
734 1670 953 1733 essent,
984 1659 1199 1738 apertis
1230 1657 1409 1734 regiae
1437 1656 1659 1715 foribus
1685 1654 1761 1714 ad
1791 1657 1952 1734 ipsos
1983 1667 2075 1717 est
2102 1675 2401 1735 egressus.
2456 1656 2779 1735 Postquam

604 1772 739 1814 vero
782 1755 1039 1832 ipsorum
1080 1753 1360 1840 ejulatum
1408 1761 1587 1827 atque
1628 1751 2053 1828 poenitentiarn,
2101 1769 2335 1811 necnon
2379 1750 2779 1811 miserandum

602 1856 781 1925 atque
809 1846 1089 1905 afflictum
1116 1845 1379 1903 habitum
1420 1844 1690 1915 vidisset,
1737 1845 1838 1904 diu
1875 1864 2112 1923 quoque
2159 1844 2611 1923 collacrymatus
2653 1856 2772 1905 est.

602 1942 806 2018 anue
837 1939 1147 2011 modestia,
1176 1948 1242 1998 ut
1268 1939 1416 2017 ipsis
1446 1939 1800 2017 ignosceret,
1829 1940 2227 2000 obtinuerunt.
2312 1942 2372 1999 7.
2417 1938 2518 1997 Eis
2549 1937 2772 1999 deinde

598 2055 759 2096 nunc
774 2035 1041 2095 modeste
1054 2034 1359 2106 incusatis,
1372 2054 1529 2093 nunc
1550 2035 1795 2095 comiter
1805 2035 2137 2115 appellatis,
2151 2034 2485 2112 complures
2501 2033 2666 2093 bello
2683 2034 2774 2093 in-

592 2131 770 2191 utiles
786 2130 1205 2200 exauctoravit,
1224 2130 1918 2208 magnificentissimeque
1935 2130 2189 2189 donatos
2209 2128 2447 2189 dimisit..
2487 2129 2768 2189 Scribens

594 2245 836 2305 quoque
864 2224 941 2285 ad
969 2224 1364 2303 Antipatrum,
1394 2224 1766 2284 Macedoniae
1793 2224 2160 2303 praesectum,
2199 2223 2284 2284 eis
2315 2224 2392 2282 ad
2437 2228 2770 2301 spectanda

592 2320 913 2381 certamina
936 2319 1159 2399 priores
1188 2319 1246 2377 in
1277 2320 1506 2379 theatro
1536 2319 1710 2380 sedes
1740 2320 2050 2399 assignari,
2092 2329 2524 2397 coronatosque
2557 2318 2764 2381 sedere

580 2413 781 2494 jussit.
866 2417 921 2474 8.
967 2408 1393 2476 Defunctorum
1420 2435 1657 2496 quoque
1687 2415 1900 2476 liberos
1943 2414 2200 2497 pupillos
2241 2424 2490 2497 paterna
2530 2424 2765 2476 contra-

652 2647 724 2709 §4
738 2644 998 2707 Postquam
1014 2658 1122 2694 vero
1137 2644 1377 2705 emitum
1392 2645 1486 2708 est]
1512 2643 1638 2694 Om·
1706 2643 1874 2694 Tacit.
1897 2655 1975 2692 vt.
1999 2647 2046 2692 8.
2070 2647 2118 2692 1.
2155 2639 2377 2692 Fra-nh.

582 2717 673 2768 nia
689 2719 806 2768 hinc
828 2716 897 2768 ad
920 2717 1071 2766 finem
1094 2731 1255 2781 usque
1272 2717 1457 2778 capitis
1475 2718 1635 2766 inser·
1754 2718 2100 2780 Carnutesque
2111 2714 2293 2777 sedere]
2310 2707 2563 2778 upoetptw
2576 2713 2760 2778 δνᾶγῦ-

586 2797 645 2842 ta
666 2799 786 2840 sunt
808 2790 874 2839 ab
894 2790 995 2838 alio
1017 2789 1259 2853 quodam,
1280 2789 1367 2853 qui
1398 2791 1635 2842 lacunam
1702 2807 1753 2840 σι
1776 2801 1931 2841 vocat
1951 2791 2139 2840 Strabo
2161 2804 2242 2853 pr.
2267 2790 2305 2838 l.
2325 2802 2444 2839 xxv.
2463 2789 2760 2840 Paschalins

578 2865 714 2914 hanc
757 2865 831 2912 sic
865 2863 1131 2926 explevit:
1165 2863 1353 2913 absunt
1389 2863 1456 2912 ab
1498 2867 1634 2915 anti·
1701 2864 1768 2912 de
1791 2866 1977 2914 Coton.
2001 2871 2049 2916 8.
2069 2871 2119 2915 4.
2142 2863 2376 2914 ostendit
2406 2863 2458 2912 in
2489 2865 2758 2930 triumphis

572 2937 844 3003 quioribus
886 2936 1283 2998 exemplaribus,
1314 2944 1370 2988 et
1404 2938 1631 2990 Radere.
1701 2951 1802 2988 non
1827 2939 1994 3003 ipsum
2011 2947 2212 2990 tantum
2234 2939 2369 3003 Imp.
2385 2940 2480 2990 sed
2498 2949 2554 2990 et
2569 2941 2755 2994 milites

582 3013 714 3073 Nos,
736 3007 855 3075 qnia
880 3009 1107 3059 historiae
1130 3010 1360 3058 nonnihil
1384 3011 1515 3061 lucis
1538 3013 1632 3062 ad·
1702 3022 1974 3065 coronatos
1998 3014 2175 3064 fnisse.
2209 3016 2361 3065 Iden.

578 3085 731 3148 dunt,
750 3085 1082 3150 reliquimus;
1105 3085 1207 3134 alio
1231 3094 1400 3135 tamen
1423 3087 1632 3138 charac—
1766 3092 1794 3154 §
1817 3094 1850 3139 8
1880 3091 2224 3150 Defunctum
2243 3089 2436 3152 liberos]
2468 3088 2754 3141 Athenien-

578 3165 708 3217 tere,
732 3173 797 3208 ne
818 3158 1062 3224 deinceps
1082 3157 1265 3208 fallant
1287 3161 1421 3210 viros
1442 3161 1629 3214 doctos
1699 3164 1838 3215 sibus
1871 3168 1958 3216 lex
2004 3173 2139 3229 erat,
2177 3172 2238 3215 ut
2271 3164 2420 3215 liberi
2448 3179 2642 3228 eornm,
2661 3167 2752 3229 qui

574 3235 731 3286 etiam
755 3248 848 3298 pro
870 3235 1145 3284 Curtianis.
1178 3235 1399 3286 Freinsh.
1702 3253 1798 3303 pro
1837 3241 2008 3303 patria
2037 3241 2366 3302 cecidissent,
2399 3238 2605 3302 publice
2625 3240 2752 3290 edu-

639 3311 807 3360 Persis
833 3311 1031 3360 ductu
1062 3309 1223 3372 datos]
1255 3310 1343 3361 Sic
1365 3311 1502 3376 apud
1525 3313 1628 3364 Ta·
1699 3323 1960 3366 carentur.
2029 3317 2191 3380 Cujus
2225 3315 2572 3364 meminerunt
2593 3313 2749 3365 Plato

569 3385 665 3437 cit.
684 3400 723 3436 t.
744 3390 827 3438 41.
850 3390 900 3435 ὅ.
932 3385 1204 3437 seditiosos
1234 3387 1424 3436 milites
1457 3389 1474 3417 ‘
1501 3389 1625 3439 nihil
1697 3400 1929 3440 extremo
1978 3391 2288 3444 Menexeno.
2319 3388 2647 3450 Thucydides
2679 3401 2745 3438 rt.

568 3473 717 3525 eque
735 3459 881 3511 flexit
894 3476 1049 3525 quarn
1063 3460 1255 3509 invidia
1272 3463 1327 3509 in
1342 3463 1577 3514 Treviros
1592 3466 1626 3516 :⁹
1695 3470 1744 3515 8.
1763 3470 1846 3515 02.
1862 3473 1916 3514 et
1935 3464 2191 3512 Aristides
2210 3461 2606 3510 Panathenaico.
2628 3462 2748 3512 Qua

566 3549 781 3599 quorum
820 3535 975 3584 iidem
995 3549 1103 3585 sum
1128 3534 1363 3598 preferri
1390 3539 1622 3601 indigna·
1693 3540 1744 3586 ln
1766 3551 1823 3585 re
1845 3537 2053 3597 dignum
2077 3535 2242 3582 visum
2275 3546 2392 3596 cap.
2426 3538 2508 3583 ⁶6.
2540 3542 2741 3583 centur.

566 3608 776 3658 bantur.
825 3608 977 3656 Iden.
1043 3607 1149 3657 Pro
1202 3609 1464 3659 Curtianis
1509 3613 1624 3663 haec
1691 3613 1741 3658 2.
1761 3609 2012 3659 Subcisiv.
2035 3606 2334 3663 camerarii,
2354 3606 2491 3670 quod
2509 3620 2641 3670 pene
2662 3615 2741 3658 to·

564 3680 745 3730 habuit
767 3679 913 3730 ΟΝ.
934 3680 1005 3730 Is.
1022 3681 1309 3743 Pantanus,
1327 3692 1382 3733 et
1406 3699 1471 3732 ex
1490 3685 1619 3736 Sue·
1689 3693 1798 3734 tum
1825 3683 2168 3733 exscriberem
2189 3700 2203 3733 ε
2236 3684 2251 3710 ‘
2274 3682 2397 3734 Prie
2431 3683 2620 3733 ceteris
2651 3699 2740 3736 au·

564 3754 705 3804 tonio
737 3753 1060 3806 confirmavit
1093 3756 1143 3804 in
1178 3757 1347 3819 Epist.
1372 3759 1437 3807 ad
1465 3760 1543 3808 Cl.
1563 3760 1619 3812 J.
1687 3767 1791 3809 tem
1829 3759 2016 3808 Veneti
2054 3758 2333 3822 longissimi
2367 3759 2615 3822 temporis
2657 3775 2740 3810 re·

560 3831 820 3892 vossium,
839 3845 954 3894 quae
973 3835 1055 3880 est
1066 3834 1224 3880 θελοι
1240 3833 1447 3895 Sylloge
1463 3848 1615 3897 qnam
1685 3840 1842 3894 cepta
1875 3832 2253 3895 observatione,
2296 3847 2396 3883 non
2435 3839 2538 3884 tam
2583 3835 2736 3896 grati,

562 3905 727 3958 edidit
749 3906 827 3958 cl.
850 3905 916 3956 A.
938 3905 1236 3956 Matthaeus.
1269 3905 1423 3955 Saok-
1685 3921 1838 3970 quam
1876 3907 2114 3957 liberales
2154 3916 2211 3957 et
2242 3905 2468 3958 munifici
2503 3908 2580 3957 ita
2611 3923 2738 3974 erga

626 3983 657 4047 ς
689 3985 720 4032 7
755 3981 953 4032 Priores
988 3982 1039 4030 ἰιι
1081 3981 1266 4031 theatro
1300 3981 1454 4044 sedes]
1494 3982 1614 4034 Quo
1681 3989 1859 4046 patres
1880 3990 2019 4046 sunt,
2050 3991 2113 4032 ut
2145 3983 2299 4032 etiam
2330 3982 2385 4032 in
2423 3983 2614 4033 liberos
2647 3997 2732 4034 eo·

561 4057 800 4120 exemplo
844 4055 1140 4120 ‘Augustus
1176 4055 1331 4104 etiam
1360 4058 1549 4108 milites
1580 4076 1611 4109 a
1683 4071 1794 4108 rum
1832 4072 1894 4108 ea
1935 4059 2216 4109 liberalitas
2267 4065 2605 4123 propagetur,
2643 4059 2730 4122 qul

560 4131 715 4191 plebe
734 4131 983 4182 discretos
1004 4129 1223 4187 babuit,'
1240 4132 1375 4195 apud
1396 4132 1608 4186 Sueten.
1681 4136 1762 4185 vel
1801 4137 1856 4184 iu
1895 4143 2020 4200 toga
2052 4136 2135 4185 vel
2169 4148 2293 4199 sago
2326 4135 2511 4200 patrie
2549 4135 2728 4184 utilem

557 4205 640 4254 u.
679 4209 729 4255 8.
757 4205 985 4273 Scaliger
1027 4205 1229 4258 Poetic.
1254 4219 1295 4256 1.
1336 4210 1419 4258 21.
1452 4208 1607 4260 Adde
1676 4223 1887 4278 operam
1941 4209 2308 4275 prestiterunt.
2388 4209 2510 4260 Non
2562 4206 2727 4257 solum
