3222 4944
599 351 770 421 1396

597 524 664 560 ne
687 520 922 570 umquam
943 502 1166 555 infamia
1187 517 1252 555 ea
1268 518 1352 553 res
1373 504 1474 555 sibi
1495 512 1649 563 esset,

594 591 655 633 nt
677 582 838 632 virum
857 579 1042 631 fortem
1063 577 1249 630 decet.’
1279 580 1554 631 Lucae-ins.

583 652 593 662 '
661 659 691 720 ς
716 659 774 705 11
814 655 1093 719 Elephanti]
1119 654 1376 705 ‘Arrianus
1394 667 1470 704 rv.
1492 657 1543 705 4.
1567 660 1649 705 18.

595 745 697 781 non
733 738 932 781 tantum
955 731 1143 793 Taxili,
1177 729 1270 779 sed
1305 730 1485 780 vicinis
1522 744 1649 796 qno-

593 819 696 875 que
733 806 942 869 regulis,
980 817 1116 855 xxv.
1153 804 1456 867 elephantos
1492 803 1651 855 fuisso

591 880 790 929 innuite
819 889 999 944 postea
1021 887 1190 929 tamen
1216 892 1270 928 v.
1291 883 1336 928 1.
1363 882 1444 929 14.
1467 885 1649 931 narrat

593 956 661 1006 ab
704 969 808 1005 uno
839 954 1015 1004 Taxile
1049 954 1184 1005 dono
1221 954 1374 1005 missa
1407 954 1472 1006 ad
1507 968 1648 1005 xxx.

593 1032 910 1096 elephantos.
943 1030 1164 1101 Freinsh-

658 1109 688 1171 ς
713 1110 774 1156 13
813 1106 882 1155 Et
905 1104 1084 1167 Pom]
1119 1104 1278 1155 Gravi
1317 1118 1380 1153 eo
1415 1110 1647 1167 ternpore

591 1182 735 1231 inter
749 1194 807 1231 se
819 1180 1150 1231 contentione
1173 1177 1492 1229 dissidebant
1510 1180 1527 1208 ⁸
1545 1180 1648 1230 duo

591 1268 762 1318 reges,
796 1255 964 1305 Porus
996 1259 1052 1304 et
1081 1251 1320 1305 Taxiles.’
1384 1253 1647 1305 Maximus

593 1332 722 1394 Tyr.
745 1330 841 1379 Or.
866 1342 1121 1380 xxxvru.
1143 1330 1361 1379 Freinsh-

656 1407 686 1469 ς
713 1408 776 1455 14
811 1406 948 1461 Quod
961 1404 1295 1469 patrisnerat]
1329 1405 1513 1455 Potest
1535 1406 1646 1468 qni·

590 1479 710 1530 dem
745 1479 870 1529 ferri
906 1488 961 1530 et
997 1478 1144 1540 fero;
1175 1480 1270 1529 sed
1305 1480 1354 1529 si
1385 1480 1647 1528 examines

591 1556 813 1619 acutius,
850 1554 1085 1605 fatebere
1122 1569 1224 1605 non
1261 1556 1336 1605 sic
1374 1554 1532 1605 fnisse
1571 1556 1647 1605 lo-

591 1629 852 1695 quendum
877 1628 1085 1681 Curtio:
1117 1630 1160 1679 si
1182 1629 1320 1679 enim
1341 1628 1408 1678 de
1439 1630 1648 1691 proprio

590 1705 758 1766 patris
789 1704 905 1768 ejus
943 1704 1148 1754 nomine
1183 1702 1399 1767 accipis,
1425 1710 1650 1766 apparet

589 1776 716 1827 illud
749 1791 852 1828 non
885 1777 1140 1841 recepisse
1174 1790 1362 1826 novum
1393 1775 1531 1827 bunc
1564 1790 1647 1827 re-

589 1864 738 1914 gem:
771 1850 814 1899 si
836 1850 902 1900 de
931 1850 1188 1900 communi
1219 1863 1419 1914 regum,
1446 1852 1649 1910 Tua-ile,-

591 1939 696 1975 non
737 1926 897 1989 magis
931 1923 1094 1989 patris
1131 1924 1240 1987 ejus
1279 1921 1457 1982 fuerit,
1493 1939 1645 1989 quam

589 1998 678 2048 avi
711 2006 770 2049 et
803 1998 1000 2062 proavi,
1020 2005 1076 2049 et
1112 1998 1190 2047 sic
1228 1997 1509 2062 deinceps:
1543 2000 1659 2050 imo·

587 2072 776 2121 nullius
808 2086 988 2122 eorum
1023 2069 1146 2134 fuit,
1165 2072 1254 2121 sed
1289 2072 1449 2135 ipsius
1480 2074 1645 2137 urbis,

587 2153 648 2196 ut
678 2146 762 2195 bic
795 2144 1166 2211 propemodum
1198 2145 1380 2196 ducam
1412 2147 1643 2198 scriben-

586 2220 728 2286 dum,
749 2224 872 2284 quod
896 2222 1071 2285 patr-icc
1088 2222 1278 2285 sineret,
1297 2236 1400 2273 non
1423 2223 1543 2287 quin
1565 2223 1642 2273 vi-

585 2293 736 2345 deam
775 2296 898 2346 illud
933 2296 1076 2346 verbi
1117 2311 1216 2347 non
1246 2297 1521 2347 admodum
1555 2298 1641 2347 hic

585 2370 875 2434 quadraret
910 2370 1002 2419 sed
1044 2373 1167 2435 quia
1201 2371 1324 2421 mibi
1362 2372 1640 2423 verisimile

585 2444 666 2508 fit,
686 2445 922 2497 Curtium
942 2446 1026 2498 bic
1050 2446 1284 2512 tetigisse
1307 2462 1519 2506 morem,
1537 2462 1643 2513 quo

585 2522 723 2586 apud
747 2523 1016 2573 nonnullas
1032 2531 1215 2587 gentes
1235 2523 1442 2588 regibus
1457 2538 1490 2572 a
1511 2539 1643 2586 prae·

585 2598 750 2660 cipuis
773 2598 984 2648 urbibus
1009 2600 1206 2650 inditur
1235 2613 1436 2649 nomen.
1499 2597 1562 2646 In
1585 2612 1643 2648 re

585 2672 738 2733 plane
761 2673 916 2722 simili
937 2675 1151 2722 Tacitus
1164 2678 1327 2722 ιι.66.
1348 2675 1398 2720 8.
1431 2675 1448 2701 ‘
1474 2672 1643 2734 Igitur

585 2746 926 2796 Germanicus
947 2747 999 2794 in
1029 2747 1155 2796 urbe
1178 2744 1431 2795 Artaxata
1453 2746 1643 2808 adpro·

584 2819 825 2869 bentibus
857 2819 1137 2878 nobilibus,
1169 2818 1481 2868 circumfusa
1511 2822 1642 2870 mul-

583 2891 826 2950 titudiue,
853 2893 1054 2955 insigne
1093 2893 1292 2955 regium
1329 2893 1493 2956 capiti
1527 2895 1641 2956 ejus

585 2967 863 3027 imposuit:
919 2966 1082 3016 ceteri
1123 2971 1423 3016 venerantes
1465 2979 1640 3030 regem

585 3038 856 3089 Artaxiam
900 3041 1322 3104 consalutavere3
1375 3043 1510 3106 qnod
1565 3043 1641 3093 illi

581 3114 888 3164 vocabulum
919 3115 1215 3166 indiderant
1237 3131 1303 3166 ex
1330 3117 1534 3166 nomine
1554 3132 1639 3168 ur-

583 3188 702 3239 bis.'
753 3191 933 3254 quue
955 3191 1220 3253 pertinere
1241 3190 1481 3254 arbitror,
1501 3191 1639 3254 quod

584 3264 774 3313 multos
814 3263 1075 3313 Armenia
1107 3277 1258 3328 reges
1301 3264 1396 3314 boc
1435 3267 1639 3314 nomine

583 3337 884 3400 reperimus.
947 3339 1050 3387 Sed
1073 3343 1127 3387 et
1149 3339 1275 3390 alibi
1297 3338 1350 3388 in
1372 3337 1521 3388 India
1541 3338 1639 3389 boc

489 3469 500 3478 ,
585 3415 845 3464 usitatum.
885 3413 1041 3477 Apud
1061 3413 1272 3463 Prasios
1294 3413 1474 3477 utique
1496 3413 1639 3462 Stra-

587 3484 653 3534 bo
690 3485 780 3534 lib.
815 3498 908 3534 xv,
945 3493 1130 3535 notat:
1167 3486 1402 3547 ‘Regem
1444 3493 1641 3547 praeter

586 3558 850 3621 proprium
893 3563 1078 3606 nomen
1121 3557 1260 3621 quod
1305 3573 1336 3606 a
1379 3559 1639 3607 natalibus

585 3630 762 3692 habet,
783 3629 850 3678 de
873 3630 1076 3680 nomine
1111 3630 1252 3679 urbis
1285 3630 1637 3680 Palibotbrum

585 3704 872 3769 appellari:
905 3704 1327 3769 quemadmodum
1345 3713 1398 3754 et
1413 3705 1637 3756 Sandro·

585 3785 803 3840 cottum,
835 3778 900 3827 ad
930 3793 1082 3842 quem
1119 3779 1300 3828 missus
1341 3778 1637 3842 Megasthe-

585 3867 678 3904 nes
720 3852 859 3905 fuit?
917 3853 1004 3904 Sic
1041 3867 1164 3916 ergo
1211 3858 1266 3902 et
1307 3853 1534 3904 Taxilen
1569 3855 1636 3903 ab

507 3959 514 3965 ,
583 3929 714 3978 urbe
750 3927 942 3977 Taxilis
973 3928 1287 3991 appellatum
1323 3924 1484 3978 sitisse
1520 3930 1636 3993 quis

583 4004 826 4054 dubitet?
861 4005 1028 4069 adque
1051 4003 1103 4053 id
1134 4003 1422 4067 exemplum
1440 4006 1456 4032 ‘
1475 4003 1636 4052 Assa·

583 4090 741 4128 cenos
759 4077 775 4101 ’
797 4077 950 4128 etiam
985 4080 1000 4105 ⁸
1025 4077 1421 4140 Musicanosqne
1441 4077 1456 4099 ’
1485 4088 1636 4141 reges

587 4165 774 4204 nomon
801 4153 1066 4220 accepisse
1099 4159 1244 4204 recte
1275 4151 1484 4216 conjicit
1513 4153 1635 4205 Rei-

1283 362 1499 411 1101·AE
1545 362 1945 413 vsmomm
1996 364 2071 413 m

1724 506 1930 557 necclna
1978 504 2033 555 in
2086 503 2271 555 Indico
2326 518 2500 569 regno.
2554 504 2775 559 Freinsh-

1727 581 1867 635 and
1878 580 2234 643 patrissui-at]
2266 580 2349 630 Ab
2372 580 2501 631 urbe
2522 589 2577 631 et
2602 588 2772 644 pater,

1722 661 1779 703 et
1801 670 1945 716 avus,
1964 663 2022 706 et
2041 669 2217 707 ornnes
2239 669 2563 705 successores
2584 657 2776 707 Taxilen

1723 730 2058 781 vocabantur.
2096 730 2387 794 suspicatur
2424 745 2551 795 ergo
2598 732 2775 781 Frein-

1718 805 1960 866 shemius,
1994 820 2061 855 an
2092 820 2197 855 non
2229 804 2403 855 forsan
2436 808 2559 869 qaod
2588 806 2775 856 Putria

1719 879 1993 945 legendum
2014 882 2101 942 sit,
2114 882 2249 932 sicut
2266 881 2405 944 apud
2418 882 2586 932 Tacit.
2606 896 2671 931 11.
2690 886 2779 932 od.

1720 955 1787 1007 ds
1804 957 2015 1006 Zenone
2036 956 2293 1006 Armeniis
2314 956 2437 1007 dato
2460 970 2583 1020 rege
2602 972 2617 1007 ι
2636 957 2654 987 ⁸
2674 958 2775 1007 Ce-

1722 1031 1821 1080 teri
1836 1044 2009 1094 regem
2027 1029 2299 1081 Artaxiam
2314 1031 2621 1091 salutavere,
2634 1031 2775 1095 qnod

1719 1104 1793 1153 illi
1816 1105 2118 1155 vocabulum
2154 1105 2445 1154 indiderant
2476 1119 2545 1153 ex
2568 1106 2774 1155 nomine

1718 1178 1897 1229 urbis.’
1963 1180 2029 1229 ln
2052 1179 2180 1231 urbe
2201 1180 2339 1229 enim
2361 1179 2615 1230 Artaxata
2639 1181 2776 1231 Ger·

1720 1252 1949 1304 muniens
1970 1255 2105 1305 bunc
2138 1267 2313 1318 regem
2352 1255 2777 1318 proclamaverat.

1724 1326 1900 1379 esaar.

1787 1402 1989 1453 Tua-ileu
2028 1406 2319 1468 appellavere
2368 1404 2635 1467 populares]
2686 1405 2775 1455 Sic

1718 1474 2079 1540 AEgyptiorum
2116 1493 2264 1543 reges
2297 1493 2329 1527 a
2360 1480 2664 1536 Ptolemoeo,
2684 1480 2775 1542 qui

1719 1562 1837 1599 cum
1874 1548 2172 1603 Alexandro
2206 1553 2464 1610 militavit,
2498 1553 2775 1605 Ptolemaei

1720 1623 1847 1673 dicti
1880 1634 2039 1687 sunt3
2072 1636 2129 1675 et
2163 1627 2455 1677 Pharaones
2483 1642 2515 1677 a
2550 1628 2773 1693 quodam

1718 1694 2017 1748 Pharaone:
2053 1699 2461 1749 Atheniensium·
2484 1715 2636 1763 reges
2674 1698 2773 1751 Ce-

1719 1773 1948 1835 cropidae
1983 1788 2016 1822 a
2038 1775 2305 1838 Cecrope:
2344 1775 2603 1826 Arsacldoe
2642 1775 2771 1825 Par-

1718 1848 1923 1898 thorum
1939 1862 2087 1911 reges
2107 1849 2233 1899 dicti
2252 1850 2319 1899 ab
2334 1847 2529 1899 Arsace
2547 1850 2737 1913 Scytha
2756 1868 2769 1897 :

1716 1929 1776 1973 et
1812 1923 2160 1987 Imperatores
2207 1925 2423 1974 Romani
2466 1927 2699 1975 cesares
2738 1940 2771 1975 a

1716 1996 1924 2047 Cnsare
1941 1997 2115 2048 Julio:
2150 2013 2214 2047 eo
2234 2000 2369 2048 enim
2394 2008 2594 2050 mortuo
2615 1998 2771 2049 effec-

1718 2077 1895 2121 tarunt
1917 2072 2015 2121 boc
2038 2087 2241 2135 nomen,
2260 2074 2349 2138 qui
2370 2075 2633 2125 subsecuti
2649 2083 2773 2129 sunt

1716 2144 2084 2207 Imperatores.
2106 2147 2305 2211 Popula.
2790 2186 2805 2202 .

1784 2219 2019 2283 Sequente
2061 2224 2246 2272 nomine
2292 2222 2563 2286 unwina]
2616 2226 2769 2277 Quod

1716 2294 1852 2356 apud
1871 2296 2161 2358 complures
2179 2299 2395 2360 populos
2410 2298 2462 2347 in
2478 2313 2571 2348 usu
2592 2297 2770 2361 fnisse,

1716 2367 1769 2417 in
1793 2368 1973 2417 Indice
1995 2369 2207 2432 Justini,
2236 2384 2359 2419 voce
2388 2371 2545 2433 Reges
2570 2374 2769 2421 notavi-

1716 2458 1845 2494 mus.
1912 2443 2113 2497 Quibus
2140 2446 2264 2496 licet
2290 2460 2565 2496 accenseas
2590 2445 2771 2497 Arme·

1714 2519 1913 2568 niorum
1935 2520 2173 2570 Artaxias
2194 2535 2261 2571 ex
2294 2520 2604 2572 antedictis:
2640 2523 2768 2572 Far-

1714 2605 1961 2654 ganorum
1983 2594 2253 2652 Achaidos,
2274 2603 2329 2644 et
2351 2595 2626 2646 Persarum
2651 2598 2766 2646 Cos-

1710 2667 1836 2728 ro'e's,
1855 2681 1923 2715 ex
1958 2667 2221 2717 Elmacino
2252 2683 2339 2719 ιιι.
2361 2674 2413 2720 4.
2444 2670 2767 2725 Bavarornnt

1717 2739 1979 2800 Cosmus,
2008 2755 2074 2790 ex
2109 2743 2263 2792 Joan.
2288 2744 2515 2794 Bobemo
2548 2744 2614 2794 de
2648 2746 2762 2794 Mo·

1714 2813 1853 2862 ribus
1867 2813 2025 2864 Gent.
2074 2817 2166 2865 Sic
2181 2833 2211 2864 a
2224 2817 2405 2866 Tui-eis
2422 2818 2617 2869 serviae
2638 2819 2767 2870 Des·

1713 2894 1865 2948 potas
1898 2900 2073 2937 omnes
2098 2896 2309 2940 vocatos
2342 2889 2501 2942 fuisse
2524 2893 2730 2944 Lazaro·
2746 2911 2769 2953 ,-

1712 2961 2236 3025 constantinopoleos
2266 2964 2617 3028 Imperatores
2642 2970 2767 3018 Cois·

1709 3037 1965 3100 stmrtiuos,
2000 3044 2152 3087 notat
2189 3041 2465 3092 Lennclav.
2505 3043 2765 3094 Pandect.
2816 3081 2829 3092 .

1714 3109 1914 3162 Histor.
1949 3110 2110 3160 Ture.
2140 3127 2258 3175 cap.
2296 3117 2378 3162 4⁶.
2406 3122 2463 3164 et
2492 3130 2649 3180 capp.
2680 3122 2766 3169 51.

1712 3187 1794 3232 54.
1816 3188 1898 3233 68.
1920 3188 2003 3233 ⁷³.
2026 3190 2080 3233 et
2112 3189 2194 3234 9⁰.
2232 3188 2306 3235 D.
2340 3187 2564 3240 Basilius
2603 3191 2766 3239 tradi·

1712 3256 1791 3306 dit
1826 3255 2095 3308 Abimelech
2132 3272 2399 3312 commune
2449 3260 2609 3312 fuisse
2660 3264 2765 3313 Pa-

1710 3330 2029 3381 latinorum
2062 3346 2243 3394 regum
2282 3350 2484 3385 nomen.
2548 3337 2766 3388 Taetses

1712 3406 1844 3456 ehil.
1891 3420 1947 3456 V.
1994 3411 2069 3456 10.
2114 3407 2295 3456 Ionum
2356 3409 2557 3458 Palmis.
2611 3409 2762 3460 Paul.

1714 3481 1865 3528 Diae.
1906 3479 2046 3530 Hist.
2086 3479 2318 3544 Langob.
2357 3495 2440 3532 ιιι.
2478 3487 2555 3532 16.
2578 3490 2633 3532 et
2661 3485 2761 3533 Re·

1710 3553 1830 3615 giuo
1882 3555 1935 3602 in
1992 3555 2265 3616 Chronico,
2310 3557 2762 3620 Langobardorum

1712 3626 1924 3678 Flauius.
1988 3629 2200 3678 Servius
2243 3630 2309 3680 ad
2347 3631 2494 3694 Virg.
2531 3631 2645 3682 AEn.
2682 3646 2760 3682 vr.

1709 3705 1823 3750 529.
1888 3701 2203 3753 Albanorum
2265 3707 2542 3757 Mur-ranas.
2626 3707 2761 3757 Gre-

1708 3789 1819 3838 gor.
1837 3777 2023 3827 Turou.
2045 3791 2124 3826 w.
2145 3784 2229 3830 24.
2262 3781 2566 3832 Hunnorum
2605 3784 2759 3832 Cubu-

1706 3863 1813 3905 nus,
1857 3852 1939 3901 vel
1986 3853 2256 3914 chaganus.
2340 3857 2439 3908 Qui
2482 3865 2653 3908 antem
2692 3872 2759 3906 ex

1708 3939 1791 3987 eo,
1836 3927 1973 3990 quod
2029 3929 2165 3992 apud
2224 3931 2502 3992 capitolin.
2544 3946 2663 3996 cap.
2706 3939 2757 3982 6.

1708 3999 1971 4052 Gordiano
1992 4003 2327 4052 acclamatum
2359 4001 2477 4066 fuit,
2514 4021 2631 4055 aooo
2652 4005 2757 4054 Sei·

1703 4077 1855 4140 pioni,
1876 4091 2102 4140 procoss.
2170 4075 2368 4127 Africa
2404 4078 2647 4142 Scipiones
2670 4093 2752 4126 vo·

1709 4156 1853 4202 catos
1876 4151 2033 4203 fuisse
2053 4159 2307 4216 asserunt,
2330 4154 2467 4204 bend
2486 4154 2645 4216 magis
2668 4167 2752 4203 ve·
