3222 4944
620 405 791 469 1412

619 573 751 616 rum,
766 561 1023 622 ipsosque,
1034 557 1263 622 praedam
1278 555 1537 616 divisit‚et
1556 569 1672 619 per-

590 625 597 632 ’
618 635 749 685 didit
763 634 797 695 ς’
821 633 909 683 ubi
927 634 1075 698 vulgo
1092 633 1292 682 editur‘
1306 631 1519 696 praeda,'
1532 631 1670 697 quod

616 711 701 758 vix
726 711 881 760 ullum
906 709 1061 758 babet
1096 723 1318 759 sensum.
1380 707 1467 758 Sic
1490 707 1672 770 virgil.

618 785 735 836 Eel.
760 800 887 835 vm.
908 791 992 837 58.
1024 794 1040 816 ‘
1056 785 1244 835 Omnia
1264 784 1345 834 vel
1362 783 1585 833 medium
1610 783 1668 832 fi-

615 867 707 910 ant
742 861 922 910 mare!
974 859 1121 910 Idem
1144 859 1261 908 AEn.
1282 872 1335 908 v.
1359 863 1470 907 llo.
1505 859 1669 907 ‘sacri

616 935 849 998 tripodes
884 934 1175 998 viridesque
1207 947 1429 994 corona,
1454 933 1523 980 Et
1557 933 1666 996 pal·

616 1025 716 1061 mie
741 1012 963 1074 pretium
986 1009 1299 1059 victoribus·
1361 1008 1561 1058 Iterum
1584 1022 1667 1056 or-

616 1084 738 1134 dine
771 1085 974 1134 inverso
998 1084 1110 1132 AEn.
1133 1098 1191 1134 v.
1210 1087 1325 1133 ⁸59.
1381 1089 1396 1111 ⁸
1415 1083 1664 1146 Clypeum

614 1158 807 1208 adferri
816 1161 973 1223 jussit
988 1158 1327 1222 Didymaonis
1346 1154 1525 1209 artes!
1556 1158 1665 1208 Cic.

614 1247 672 1285 x.
697 1233 839 1282 Fa..
870 1237 921 1283 Δ.
974 1237 989 1263 ⁸
1009 1235 1094 1282 Ne
1132 1241 1307 1284 nostra
1348 1235 1483 1283 mala
1522 1247 1664 1282 suam

616 1316 804 1371 putent
826 1310 1183 1359 occasionem?
1236 1311 1301 1360 Et
1321 1325 1435 1374 quae
1459 1318 1579 1359 suut
1600 1309 1666 1358 is-

612 1386 859 1435 tiusmodi
882 1385 1095 1436 infinita.
1128 1387 1319 1435 Verum
1336 1386 1377 1434 si
1393 1387 1547 1448 juvat
1560 1399 1666 1433 ser·

610 1473 737 1510 vare
760 1461 1021 1511 literarum
1054 1462 1274 1524 vestigia
1305 1461 1450 1524 (quae
1476 1459 1529 1508 in
1551 1473 1666 1508 uos-

612 1536 707 1584 tris
730 1537 873 1586 libris
890 1537 1025 1586 nulla
1046 1533 1220 1600 erant)
1248 1535 1352 1599 legi
1374 1542 1666 1598 praestaret,

610 1617 769 1661 cetera
802 1612 856 1660 ἰιι
882 1613 1093 1674 predam
1126 1613 1358 1674 opimam·
1387 1611 1666 1673 similisque

612 1695 753 1735 esset
774 1685 995 1735 formula
1013 1686 1206 1736 justini
1232 1698 1311 1733 ιιι.
1330 1689 1407 1734 12.
1430 1693 1444 1714 ·
1466 1685 1527 1732 In
1546 1697 1665 1745 pre-

616 1759 741 1807 tium
774 1759 1093 1822 captivarum
1132 1771 1344 1820 reguum
1368 1771 1538 1812 omne,
1562 1770 1664 1805 non

614 1832 883 1893 pecuniam
942 1830 1109 1894 petit.’
1192 1830 1299 1880 Sed
1342 1831 1415 1879 ibi
1460 1845 1664 1894 quoque

610 1921 837 1956 summus
854 1907 1147 1958 Gronovius
1164 1922 1229 1956 ex
1254 1908 1381 1957 Mss-
1396 1908 1549 1958 codd.
1572 1923 1662 1958 ex-

612 1983 799 2046 punxit
819 1981 945 2031 illud
966 1983 1035 2042 in,
1052 1990 1109 2032 et
1124 1982 1253 2045 legit
1268 1982 1285 2010 ‘
1306 1982 1527 2043 pretium
1546 1997 1662 2047 reg-

616 2057 771 2114 uum:
803 2063 859 2106 ut
880 2058 1062 2106 melior
1080 2057 1147 2106 sit
1171 2057 1327 2107 iectio
1366 2057 1523 2120 prior.
1544 2073 1662 2123 quoe

610 2139 696 2181 est
718 2145 783 2181 ex
807 2133 933 2182 Mss.
965 2131 1118 2181 Surak.

679 2207 741 2256 Ῑιι
762 2221 817 2256 ea
835 2208 1050 2271 reg-im]
1105 2208 1282 2268 Forte,
1304 2208 1458 2256 Indiae
1478 2223 1533 2258 ea
1556 2224 1662 2271 reg.

614 2283 717 2345 vel,
747 2283 887 2332 Indis
906 2297 961 2332 ea
984 2284 1173 2344 regim
1192 2283 1453 2334 imminere.
1501 2285 1662 2335 Hein-

613 2373 740 2410 sius.

678 2435 1008 2501 Replsturm]
1043 2437 1167 2501 Leg-
1198 2439 1426 2500 repletum
1458 2436 1544 2501 iri,
1576 2438 1662 2488 vel

608 2514 887 2575 repletur-os.
938 2514 1198 2563 Heinsius.
1267 2516 1415 2566 Prius
1451 2516 1664 2579 subjicit

613 2591 769 2638 etiam
789 2590 1061 2639 lida-Voss.
1086 2595 1133 2638 1.
1168 2589 1319 2640 Such.

676 2666 759 2727 §3
792 2662 1103 2729 Adfirmatio]
1136 2665 1251 2715 Qua
1292 2664 1379 2711 ille
1413 2662 1466 2710 in
1505 2662 1660 2713 rebus

610 2740 759 2801 qnasi
782 2739 848 2787 de
872 2752 929 2785 se
950 2748 1158 2799 optatos
1180 2736 1521 2799 pollicebatur
1550 2740 1660 2787 exi·

612 2820 692 2861 tus
708 2828 724 2871 ς
740 2818 796 2860 et
812 2815 887 2861 sic
906 2813 1172 2875 eleganter
1182 2812 1401 2861 sumitur
1414 2824 1509 2875 pro
1524 2827 1660 2862 asse·

609 2885 904 2944 vetatione3
945 2892 1002 2933 ut
1050 2898 1149 2934 vu.
1199 2889 1277 2934 11.
1320 2889 1402 2934 86.
1452 2886 1660 2935 ‘Multa

609 2960 984 3020 adfirmatione,
1012 2958 1273 3022 animique
1306 2959 1503 3021 pariter
1536 2960 1656 3009 cou-¹

608 3032 834 3085 stantia.’
900 3034 986 3083 Sic
1017 3035 1156 3097 apud
1189 3034 1415 3083 Plinium
1451 3048 1657 3087 xxvm.

520 3168 526 3175 ⁸
606 3114 688 3159 20.
726 3110 1170 3159 ‘constantissima
1209 3109 1467 3158 annalium
1503 3108 1656 3159 adtir-

608 3183 797 3234 matio.’
866 3184 1059 3233 Noster
1078 3196 1158 3233 tx.
1178 3188 1228 3233 2.
1248 3188 1298 3234 8.
1320 3185 1337 3213 ‘
1354 3183 1658 3236 Adfirmatio

607 3259 736 3308 Pori
753 3290 768 3309 .
788 3290 803 3307 .
820 3258 1103 3321 ‚injecerat
1118 3257 1325 3309 curam.'
1358 3260 1427 3308 Et
1442 3259 1517 3308 sic
1530 3261 1547 3287 ‘
1568 3260 1657 3309 sd·

606 3332 843 3384 firmare'
879 3333 1015 3397 apud
1039 3333 1317 3384 Phoedrum
1342 3348 1381 3383 ι.
1404 3339 1484 3385 11.
1518 3334 1535 3363 ⁶
1554 3349 1658 3385 uon

606 3423 763 3459 unum
800 3408 953 3460 modo
985 3409 1165 3459 deberi
1196 3409 1349 3473 dixit,
1370 3421 1545 3459 verum
1568 3410 1658 3461 ad·

605 3484 829 3533 firmavit
850 3484 1067 3533 decem-⁹
1103 3484 1249 3533 Idem
1274 3498 1360 3533 ιιι.
1380 3490 1431 3533 8.
1450 3490 1500 3533 0.
1522 3488 1537 3515 ‘
1556 3486 1656 3535 Ille

606 3565 779 3607 autem
816 3556 1053 3605 adfirmat
1082 3558 1349 3619 conjugem
1374 3572 1487 3607 esse
1510 3558 1654 3607 adul-

606 3629 811 3679 teram!
878 3630 1065 3679 Noster
1088 3642 1167 3678 nx.
1182 3636 1232 3679 5.
1251 3634 1331 3679 28.
1396 3630 1549 3680 Adde
1572 3632 1656 3681 Cl.

606 3704 884 3755 Burmann.
931 3704 999 3753 ed
1052 3704 1352 3755 Quintilian.
1420 3705 1653 3755 Declam-

606 3792 773 3831 xvm.
805 3778 957 3830 Saule.

678 3856 745 3904 Ut
764 3870 870 3903 cem
888 3860 1038 3904 totam
1050 3852 1242 3914 Anima]
1273 3854 1473 3904 Seneca
1490 3855 1654 3905 Pater

600 3931 809 3981 Suasor.
838 3934 886 3980 1.
918 3929 1190 3979 Loeeeniu.

670 4008 701 4069 §
720 4008 755 4054 4
788 4001 1061 4067 Serpentes]
1106 4008 1122 4032 ‘
1140 4002 1222 4052 Ad
1242 4001 1464 4054 sedecim
1490 4018 1650 4069 usque

600 4080 891 4129 cubitorum
936 4077 1308 4141 longitudinem
1353 4084 1656 4142 porrectos:

606 4156 826 4205 Diodor.
849 4166 988 4204 xvu.
1008 4156 1091 4201 90.
1115 4154 1211 4202 hoc
1233 4160 1330 4208 est,
1352 4162 1571 4216 quatuor
1593 4162 1652 4204 et

604 4229 787 4290 viginti
830 4230 1005 4295 peden.
1070 4228 1218 4278 Idem
1255 4228 1465 4293 (AElian.
1507 4230 1648 4281 nist.

1314 415 1529 466 NOTAE
1576 415 1976 468 vammum
2029 415 2109 464 m

1747 555 1847 606 An.
1873 569 2017 606 xvu.
2038 561 2088 606 2.
2113 569 2179 606 ex
2199 556 2476 618 Clitarcbo,
2489 555 2572 619 et)
2593 533 2798 605 Amans

1745 631 1864 680 Ind.
1891 646 1953 682 ιι.
1977 637 2058 682 35.
2081 637 2320 694 testatur,
2339 632 2428 695 qui
2455 641 2626 681 tamen
2651 631 2798 680 addit

1746 707 1902 758 etiam
1947 710 2109 757 inulto
2160 709 2383 770 majores
2439 721 2504 756 ex
2549 707 2798 756 Indorum

1743 784 2036 833 narratione
2081 783 2310 847 reperiri.
2373 782 2479 832 Sed
2521 783 2642 847 quid
2687 784 2800 832 haec

1744 856 1809 904 ad
1831 857 2134 906 Strabonem
2157 857 2246 908 lib.
2272 871 2365 907 κν.
2399 857 2489 921 qui
2519 871 2585 906 ex
2609 857 2798 907 Onesi-

1743 933 1876 981 crito
1899 932 2060 986 refert
2093 934 2146 982 in
2184 933 2390 984 Abisari
2425 932 2636 996 regione
2669 932 2798 982 dnos

1743 1005 1990 1056 dracones
2031 1008 2267 1070 nutritos,
2301 1021 2516 1072 quorum
2549 1009 2679 1057 alter
2711 1012 2795 1056 80.

1741 1083 1962 1144 cubitos,
1985 1085 2120 1132 alter
2147 1087 2255 1135 1⁴0.
2279 1084 2600 1145 longitudine
2622 1096 2796 1146 equa·

1740 1165 1842 1219 ret,
1867 1160 1953 1222 qui
1988 1159 2238 1208 ducentos
2274 1158 2454 1208 decem
2493 1158 2654 1220 pedes
2685 1157 2799 1208 effi·

1741 1233 1900 1282 ciunt.
1963 1233 2118 1284 Adde
2139 1233 2362 1282 Plinium
2387 1247 2512 1282 vtu-
2539 1237 2617 1283 14.
2643 1236 2660 1262 ‘
2679 1235 2799 1282 Me-

1741 1310 2010 1370 gasthenes
2035 1308 2234 1370 scribit,
2267 1309 2318 1357 in
2353 1307 2506 1358 India
2527 1315 2796 1372 serpentes

1741 1385 1793 1432 io
1830 1392 2026 1434 tantam
2051 1383 2456 1447 magnitudinem
2479 1384 2800 1447 adolescere,

1744 1467 1800 1506 nt
1823 1460 2013 1508 soiidos
2035 1460 2274 1510 hauriant
2297 1474 2478 1510 cervos
2503 1465 2708 1523 taurosq
2717 1475 2800 1510 ue.

1741 1536 2074 1586 Metrodorus
2094 1537 2232 1586 circa
2250 1537 2572 1586 Rhindaeum
2593 1549 2794 1585 amnem

1743 1610 1794 1658 in
1818 1620 1998 1674 ponto,
2019 1619 2079 1661 ut
2113 1613 2521 1676 supervolantes,
2559 1610 2794 1675 quamvis

1736 1684 1846 1734 alte
1867 1687 2272 1749 perniciterque,
2289 1687 2443 1737 alites
2465 1687 2652 1735 haustu
2677 1701 2796 1750 rap·

1739 1767 1822 1809 tas
1845 1761 2177 1809 absorbeant.
2247 1762 2390 1810 Nota
2411 1762 2560 1810 estin
2581 1759 2795 1811 Punicis

1741 1833 1888 1882 bellis
1911 1835 1974 1883 ad
1997 1833 2188 1884 flumen
2223 1834 2514 1897 Bagradam
2537 1849 2569 1883 a
2594 1835 2793 1897 Regulo

1737 1907 2060 1971 Imperatore
2119 1909 2340 1958 ballistis
2395 1908 2792 1974 tormentisque,

1739 1989 1797 2031 nt
1817 1983 2063 2045 oppidum
2099 1981 2325 2046 aliquod,
2355 1988 2655 2045 expugnata
2686 1995 2792 2032 ser·

1737 2069 1867 2119 pens
1894 2061 2001 2107 120.
2025 2056 2210 2119 pedum
2233 2055 2569 2120 longitudinis
2586 2071 2603 2105 ι
2639 2057 2790 2118 pellis

1737 2131 1848 2192 ejus
1862 2131 2186 2194 maxillaeque
2207 2144 2370 2194 usque
2387 2130 2452 2179 ad
2471 2129 2660 2179 bellum
2678 2130 2791 2179 Nu-

1737 2208 2020 2255 mantinum
2064 2205 2318 2254 duravere
2349 2205 2530 2255 Roma
2567 2207 2618 2254 iu
2661 2213 2790 2256 tem-

1739 2282 1858 2345 plo.’
1919 2282 2052 2346 (Cur
2073 2297 2172 2331 non
2214 2281 2417 2333 addidit
2440 2297 2542 2346 quo
2562 2285 2789 2346 templo?

1736 2372 1801 2408 an
1821 2359 2156 2424 Capitolino?
2177 2373 2242 2409 an
2259 2359 2454 2409 rectius
2469 2359 2607 2423 apud
2625 2359 2794 2410 obse·

1737 2444 1980 2502 quentem
2011 2450 2125 2500 cap.
2149 2439 2228 2485 20.
2271 2435 2476 2499 legitur,
2513 2437 2532 2464 ⁴
2551 2435 2601 2483 in
2623 2434 2790 2499 publi·

1737 2515 1833 2562 eo?
1850 2514 1864 2536 '
1931 2511 2065 2562 Vide
2087 2518 2144 2561 et
2167 2511 2370 2561 Florum
2387 2524 2452 2561 ιι.
2471 2514 2524 2560 2.
2541 2508 2652 2575 20.)
2685 2511 2789 2561 Po·

1735 2588 1966 2649 lylnistor.
1989 2601 2104 2649 cap.
2127 2592 2209 2638 ⁶5.
2229 2586 2294 2635 de
2318 2586 2512 2636 Indicis
2535 2586 2789 2649 serpenti-

1733 2660 1863 2711 bus:
1899 2669 1914 2693 ‘
1932 2663 2226 2712 Enormitas
2247 2662 2298 2729 iu
2321 2660 2650 2723 serpentibus
2673 2668 2788 2711 tan·

1735 2744 1790 2785 ta
1811 2746 1910 2799 est,
1935 2745 1992 2789 ut
2007 2750 2207 2792 cervos,
2235 2744 2292 2786 et
2325 2735 2659 2784 animantium
2683 2736 2786 2783 alia

1733 2814 1797 2861 ad
1822 2828 1996 2877 parem
2029 2814 2213 2861 molem
2251 2818 2362 2860 tota
2391 2809 2663 2871 hauriant,’
2683 2812 2785 2859 &c-

1732 2888 1835 2936 Sed
1859 2889 2082 2937 omnium
2105 2886 2423 2935 narrationes
2452 2884 2612 2933 vincit
2637 2884 2786 2933 Max-

1730 2961 1861 3010 imus
1894 2962 2082 3023 Tyrius
2117 2960 2494 3011 Dissertatione
2535 2972 2785 3010 xxxvm.

1729 3034 1934 3085 Taxilen
1961 3034 2256 3085 Alexandro
2291 3034 2435 3084 varia
2459 3032 2586 3083 mira
2607 3040 2783 3083 osten-

1731 3110 1843 3159 dit:
1879 3119 1894 3140 ‘
1910 3111 1973 3159 In
2015 3111 2093 3159 his
2133 3110 2314 3158 animal
2359 3117 2476 3159 erat
2505 3108 2782 3158 maximum

1729 3184 1936 3234 Baccho
1969 3198 2189 3247 sacrum,
2217 3182 2302 3233 eui
2343 3183 2581 3234 victimas
2611 3180 2783 3248 'quoti-

1733 3260 1816 3310 die
1838 3260 1956 3309 Indi
1980 3259 2314 3309 mactabant:
2339 3258 2435 3310 hoc
2457 3258 2643 3308 animal
2664 3258 2783 3308 dra-

1731 3349 1796 3386 eo
1833 3342 1964 3395 erat,
2006 3334 2095 3399 qui
2131 3336 2325 3399 jugera
2364 3341 2519 3385 terre
2557 3334 2781 3399 quinque

1730 3424 1948 3475 corpore
1965 3409 2231 3473 equaretss
2254 3412 2488 3459 naam.
2553 3409 2640 3458 De
2663 3408 2786 3459 drni

1731 3486 1943 3534 couibns
1957 3492 2010 3531 et
2020 3483 2308 3543 elephantis
2317 3496 2443 3545 quos
2451 3482 2525 3530 illi
2540 3490 2779 3539 enecent,

1728 3559 1931 3608 Plinius
1950 3571 2072 3606 vm.
2094 3560 2170 3606 11.
2185 3564 2240 3605 et
2263 3557 2384 3606 alii:
2407 3558 2672 3619 eleganter
2690 3572 2782 3607 au·

1728 3642 1834 3683 tem
1859 3632 2110 3697 Apuleius
2133 3632 2183 3678 in
2208 3631 2444 3681 Floridis.
2496 3630 2653 3693 Apud
2667 3632 2780 3683 Sci-

1725 3717 1865 3759 ratae
1927 3722 2130 3771 qnoque
2193 3716 2458 3772 serpentes
2525 3709 2776 3761 maximos

1723 3781 2044 3833 nasci-tradit
2062 3782 2289 3832 AEliauus
2304 3780 2625 3833 Hist.Anim.
2654 3795 2776 3835 xvi.

1721 3862 1804 3908 22.
1839 3864 1898 3907 et
1917 3858 2146 3921 ejusdem
2169 3859 2255 3908 lib.
2277 3872 2396 3922 cap.
2427 3860 2510 3907 ⁸9.
2539 3857 2608 3908 de
2648 3859 2771 3910 Abi·

1725 3933 1850 3982 saris
1871 3933 2177 3983 draconibus
2199 3933 2336 3982 idem
2359 3938 2610 3995 recenset,
2633 3934 2774 3997 quod

1725 4006 1916 4056 Strabo
1955 4007 2126 4055 verbis
2181 4006 2332 4056 modo
2371 4008 2549 4056 relatis
2572 4023 2588 4055 ε
2633 4008 2774 4057 unde

1721 4087 1932 4132 constat
1962 4080 2226 4132 Abisarem
2253 4092 2382 4141 esse,
2419 4082 2503 4143 qui
2525 4080 2661 4143 apud
2687 4080 2773 4128 Ε-

1723 4156 1842 4205 lian.
1889 4156 1904 4185 ‘
1924 4154 2249 4217 Aposisares'
2292 4156 2500 4218 legitur,
2537 4163 2594 4203 ut
2615 4169 2771 4217 supra

1722 4244 1924 4296 quoque
1941 4228 2226 4280 monuimus
2244 4245 2258 4281 t
2283 4228 2470 4281 deinde
2483 4227 2588 4279 falli
2608 4228 2768 4279 inter-
