3222 4944
1017 444 1395 505 ιιιετοιιιιιι
1446 448 1904 500 Auxanum
1966 455 2043 501 M.
2453 414 2626 508 1627

422 594 709 673 laudibus
740 612 995 691 scripsit,
1034 620 1102 673 ιιι
1129 623 1337 676 auctor
1368 614 1465 676 ‘est
1506 614 1738 679 Gellius
1768 638 1863 679 vr.
1891 622 1950 681 8.
2033 620 2212 683 Hunc
2239 622 2374 686 Tib.
2417 624 2624 689 Ooesar

418 708 767 789 cymbalum
801 707 1007 768 mundi
1049 711 1322 782 vocabat,
1364 732 1499 795 cum
1524 713 1780 794 publicae
1809 714 1984 776 famae
2035 726 2378 805 tympanum
2424 724 2621 812 potius

426 806 612 867 'videri
643 814 860 885 posset.
928 805 1087 866 Plin.
1112 808 1174 868 in
1203 807 1448 869 Praefat.
1479 789 1641 903 Hist.
1671 811 1883 872 Natur.
1913 833 1975 901 ιι.
2005 816 2106 875 36.
2138 818 2250 878 sub
2280 821 2354 881 C.
2387 819 2624 883 Coesare

428 914 559 985 tota
583 904 988 983 circumlatum
1018 902 1198 964 fuisse
1230 904 1488 979 Groecia‚
1536 915 1597 967 et
1621 908 1683 967 in
1711 928 1926 970 nomen
1955 912 2200 973 Homeri
2228 917 2302 975 ab
2349 917 2626 979 omuibus

422 1002 759 1062 civitatibus
788 1000 1157 1080 adoptatum,
1190 1003 1329 1062 Sen.
1358 1003 1533 1091 epist.
1566 1006 1666 1064 88.
1697 1025 1757 1065 ιι.
1789 1006 1892 1066 56.
1923 1008 2148 1070 scribit.
2231 1010 2375 1092 Ejus
2405 1000 2622 1074 librum

424 1094 695 1179 'quartum
752 1098 1119 1158 historiarum
1172 1098 1417 1180 AEgypti
1472 1099 1617 1161 citat
1662 1102 1942 1163 Clemens
1955 1104 2422 1189 'Alexandrinus
2471 1108 2622 1171 libro

420 1194 607 1275 primo
630 1196 911 1257 Stromat.
942 1196 1041 1256 ubi
1069 1205 1131 1255 et
1156 1194 1515 1257 mentionem
1545 1198 1691 1259 facit
1715 1198 1869 1273 libri,
1915 1221 2091 1281 quem
2119 1214 2329 1266 contra
2367 1204 2621 1268 Judaeos

421 1290 739 1371 scripserit,
756 1313 935 1373 quem
963 1290 1199 1351 duobus
1248 1293 1526 1354 refutavit
1552 1294 1881 1375 Josephus.
1965 1298 2481 1364 Grammaticum
2482 1322 2620 1383 pro-

420 1388 682 1449 sessione
710 1389 906 1461 fuisse,
934 1398 995 1448 et
1023 1390 1327 1467 magnum,
1356 1399 1595 1450 constat
1620 1412 1693 1452 ex
1722 1391 1919 1453 Plinio
1953 1415 2130 1457 xxx.
2159 1400 2218 1459 2.
2249 1400 2310 1460 7.
2354 1401 2456 1479 qui
2482 1419 2620 1465 eum

422 1484 568 1546 vidit
592 1496 653 1546 et
679 1483 1044 1545 Plistonicen
1075 1483 1437 1565 appellatum
1459 1487 1641 1575 tradit
1672 1474 1958 1550 ιιιιιιιιι.
1989 1496 2048 1553 5.
2080 1492 2188 1553 sed
2226 1504 2287 1553 et
2315 1496 2488 1555 alibi
2482 1516 2621 1557 eum

418 1582 584 1655 citat,
606 1584 665 1641 in
694 1581 940 1665 magicis
964 1581 1333 1661 praesertim·
1364 1580 1470 1642 sed
1500 1566 1562 1643 et
1590 1584 1652 1642 in
1679 1572 1830 1645 libro
1853 1574 1928 1646 de
1954 1587 2160 1669 Apicii
2169 1590 2313 1650 Ιιιιιιι
2337 1590 2618 1652 Athenoe-

418 1698 490 1739 us
524 1698 651 1739 vn.
686 1678 783 1761 12.
830 1688 892 1739 et
941 1676 1017 1738 de
1068 1677 1300 1757 Lingua
1346 1677 1521 1739 Rom.
1562 1678 1724 1739 idem
1755 1692 1962 1743 auctor
1993 1703 2109 1748 xv.
2141 1687 2200 1745 8.
2285 1670 2533 1767 Scripsit
2558 1700 2622 1749 et

415 1776 715 1837 historiam
739 1775 815 1836 de
828 1774 1080 1855 singulis
1108 1776 1405 1853 gentibus,
1437 1788 1499 1836 et
1517 1780 1979 1840 commentarios
2000 1780 2062 1839 in
2087 1782 2436 1869 Homerum,
2463 1804 2612 1864 quo-

416 1889 545 1932 rum
594 1873 833 1932 nimiam
878 1870 1247 1952 diligentiam
1299 1870 1579 1952 sugillare
1620 1873 1852 1935 videtur
1881 1876 2132 1938 Seneca.
2217 1879 2314 1939 Ob
2339 1882 2428 1939 ‘tot
2456 1880 2620 1942 edita

416 1970 636 2049 scripta
659 1969 993 2049 appellatus
1025 1978 1115 2029 est
1145 1970 1403 2049 Μόχθος,
1436 1969 1499 2031 id
1527 1980 1642 2058 est,
1671 1956 1887 2059 Labor,
1917 1982 1982 2032 ut
1993 1978 2257 2034 testatur
2284 1967 2521 2039 Suidas.

499 2064 850 2128 Archelaus
935 2065 1420 2147 mimographus,
1462 2067 1579 2156 qui
1592 2087 1831 2130 omnem
1861 2070 1937 2129 ab
1962 2070 2310 2133 Alexandro
2338 2090 2614 2161 peragra-

414 2170 536 2221 tam
558 2172 775 2222 terram
806 2160 1137 2240 descripsit.
1224 2162 1535 2221 Laertius
1518 2182 1580 2221 ιιι
1613 2150 1928 2227 Archelao,

429 2258 885 2318 Aristobulus
912 2257 1260 2317 Aristobuli
1288 2256 1708 2320 Cassandreus.
1790 2261 1972 2322 Hunc
2021 2262 2082 2321 in
2107 2253 2368 2323 historia
2410 2250 2520 2325 sua
2549 2285 2615 2327 se

406 2340 667 2416 maxime
706 2364 1039 2415 secuturum
1067 2355 1374 2432 profitetur
1402 2338 1688 2415 Arrianus
1715 2357 2004 2438 principio
2033 2360 2255 2436 operis,
2293 2360 2452 2441 quod
2481 2348 2618 2441 per-

414 2469 629 2542 petuus
659 2460 1005 2522 Alexandro
1053 2479 1253 2538 comes
1299 2458 1511 2527 fuerit3
1554 2479 1591 2518 a
1638 2480 1758 2540 quo
1807 2472 1868 2520 et
1911 2460 2266 2522 destinatum
2294 2462 2622 2524 reficiendo

417 2557 560 2638 Cyri
582 2557 851 2636 sepulcro
872 2559 983 2617 sub
1024 2557 1202 2616 finem
1232 2556 1495 2616 historioe
1526 2557 1744 2635 prodit.
1794 2557 1950 2626 Qui
1978 2577 2114 2616 cum
2145 2540 2497 2619 Aristobulo
2506 2559 2544 2619 J
2550 2581 2615 2621 ιι

415 2653 550 2716 daeo
578 2674 762 2714 unum
790 2654 1039 2729 faciunt,
1061 2673 1255 2714 errare
1281 2653 1580 2714 videntur.
1627 2652 2154 2713 Cassandrensem
2180 2653 2371 2712 citant
2393 2653 2616 2718 Athen.

416 2771 497 2813 11.
525 2754 587 2812 6.
639 2770 736 2810 vr.
769 2753 863 2809 13.
906 2747 1155 2812 Lucian.
1182 2750 1241 2809 in
1274 2731 1622 2821 Macrobiis,
1665 2758 1727 2809 et
1755 2749 1874 2810 alii.
1958 2733 2103 2836 Ejus
2127 2751 2476 2811 testimoniis
2505 2771 2616 2812 see-

412 2850 542 2958 pius
570 2859 815 2909 utuntur
840 2847 1224 2921 Plutarchus,
1246 2857 1313 2908 ut
1352 2849 1415 2907 in
1442 2845 1761 2932 Demosth.
1773 2867 1944 2933 cap.
1950 2847 2049 2906 32.
2078 2857 2139 2906 et
2166 2847 2403 2909 Strabo.
2485 2847 2618 2909 Hu-

402 2947 528 3025 jus,
553 2953 621 3006 ut
646 2945 899 3019 videtur,
938 2943 1177 3017 librum,
1218 2943 1279 3002 in
1308 2963 1427 3024 quo
1458 2942 1757 3024 singulare
1785 2954 2086 3005 certamen
2114 2927 2442 3005 Alexandri
2482 2964 2618 3007 cum

413 3041 570 3103 Poro
598 3037 949 3113 tradiderat,
970 3039 1243 3118 Regem
1228 3059 1289 3099 ιιι
1320 3040 1680 3128 Hydaspem
1693 3040 2015 3128 projecisse
2044 3032 2222 3102 refert
2265 3024 2509 3103 L'ucian.
2539 3041 2617 3103 de

412 3137 863 3200 Conscribenda
885 3136 1148 3197 historia.
1230 3133 1389 3196 Vide
1416 3120 1701 3196 vossium
1739 3135 1815 3196 de
1846 3136 2001 3197 Hist.
2036 3137 2236 3198 Graec.
2272 3156 2318 3196 1.
2357 3140 2451 3198 10.
2483 3137 2615 3199 Soi-

415 3237 525 3296 ter'.
553 3235 614 3294 iri
646 3233 845 3295 dedic.
872 3233 1015 3294 belli
1044 3231 1400 3292 Pannonici.

494 3332 909 3414 Aristoxenus.
996 3326 1463 3388 Commentarios
1504 3326 1682 3405 hujus
1712 3327 1858 3414 citat
1883 3327 2248 3386 Plutarchus
2279 3327 2450 3390 Alex.
2481 3347 2613 3411 cap.

412 3433 471 3488 5.
514 3429 632 3498 Qui
662 3447 738 3488 an
762 3424 839 3485 ad
869 3422 1273 3510 Alexandrum
1303 3441 1661 3532 magnopere
1685 3421 2112 3504 pertinuerint,
2145 3421 2407 3482 dubitari
2433 3423 2621 3502 possit

410 3546 484 3586 ex
511 3523 786 3585 Athenaei
816 3541 966 3584 xxv.
1014 3523 1072 3580 2.
1120 3519 1355 3580 videtur
1401 3519 1557 3580 enim
1605 3518 1678 3577 iis
1728 3519 1892 3579 libris
1919 3517 2307 3579 miscellanea
2332 3516 2612 3598 quaedam

408 3623 741 3702 collegisse.
827 3618 1149 3698 Scripsisse
1190 3599 1388 3678 autem
1431 3626 1491 3676 et
1530 3607 1823 3689 historias,
1865 3627 1926 3677 et
1953 3615 2146 3676 omnis
2173 3613 2406 3695 generIs
2434 3614 2615 3676 libros

412 3717 490 3781 ad
518 3723 659 3783 454.
706 3716 922 3778 Suidas
954 3723 1233 3776 testatum
1264 3713 1523 3794 reliquit.

491 3814 745 3876 Aristus
776 3812 1160 3875 Salaminius.
1244 3809 1404 3870 Citat
1430 3811 1591 3869 hunc
1619 3793 1976 3870 Athenaeus
1987 3827 2056 3868 x.
2058 3795 2188 3900 10.
2235 3807 2474 3869 Multo
2449 3804 2616 3886 Juni-

414 3933 573 3974 orem
620 3913 805 3972 fuisse
846 3907 1207 3996 temporibus
1256 3906 1608 3996 Alexandri,
1658 3906 1874 3967 Strabo
1917 3904 2024 3967 lib.
2073 3924 2190 3965 xv.
2243 3923 2353 3965 nos
2398 3902 2621 3964 docuit.

414 4009 731 4088 Scripsisse
758 4006 835 4067 de
857 3987 1183 4065 Alexandri
1212 3991 1385 4063 rebus
1413 4003 1594 4082 gestis
1625 4002 1844 4062 scimus
1874 3987 1950 4062 ex
1977 4001 2231 4061 Arriano
2262 4019 2389 4060 vu.
2422 4001 2482 4060 3.
2513 4000 2618 4059 22.

494 4106 801 4168 Arrianus
832 4096 1315 4164 N'eomediemis.
1402 4099 1599 4177 Hujus
1630 4099 1894 4158 Historia
1918 4117 2054 4158 cum
2075 4098 2252 4156 etiam
2273 4095 2454 4188 hodie
2477 4094 2619 4154 satis

412 4201 695 4288 ostendat
723 4197 975 4264 auctoris
1019 4197 1110 4258 sui
1152 4197 1581 4275 praestantiam,
1626 4195 2080 4282 obscurioribus,
2123 4201 2227 4288 aut
2253 4193 2323 4253 iis
2364 4210 2616 4273 quornm

410 4319 592 4382 opera
620 4301 739 4360 noti
772 4305 999 4370 extant,
1030 4313 1360 4358 sermonem
1390 4291 1591 4374 potius
1622 4276 2156 4355 commodabimus.
