3222 4944
584 365 757 431 1564
1250 378 1423 427 cua.
1472 374 1854 425 unul-roms
1899 374 2162 426 suern.

582 548 717 592 eum
748 528 973 610 grande
996 528 1185 589 ullum
1223 546 1294 589 ac
1332 529 1565 608 insigne
1594 527 1825 589 facinus
1853 537 2150 589 ostentare
2173 526 2316 589 mihi
2345 527 2427 587 sit
2451 526 2766 607 reliquum.

586 628 723 688 Non
748 627 904 687 enim
929 627 1124 705 ipsum
1153 624 1277 685 ulla
1302 624 1732 698 illecebrarum,
1771 636 1876 685 aut
1919 623 2210 703 pecuniae,
2239 622 2346 684 sed
2374 623 2506 684 sola
2535 624 2770 686 virtutis

586 742 657 783 ac
684 722 886 803 glorioe
914 721 1131 802 cupido
1172 721 1453 781 tenebat:
1494 740 1730 801 quoque
1771 720 2024 799 majores
2053 738 2090 779 a
2115 731 2282 798 patre
2312 720 2632 781 facultates
2663 739 2767 781 ac·

582 820 823 900 ciperet,
863 838 936 879 eo
974 838 1041 878 se
1081 818 1309 877 minora
1356 836 1559 897 gerere
1600 834 1780 897 posse
1805 817 2202 877 existimabat.
2284 816 2578 886 Quocirca
2603 836 2770 878 cres-

581 927 754 977 cente
781 915 1043 976 dominio
1070 912 1345 994 gerendis
1384 912 1685 992 praeclaris
1713 914 1892 973 rebus
1919 911 2225 973 materiam
2253 931 2474 992 magna
2501 932 2578 973 ex
2597 923 2770 994 parte

580 1012 933 1073 exhaustum
958 1011 1027 1071 iri
1057 1020 1245 1081 ratus,
1270 1028 1393 1069 non
1420 1027 1589 1089 opes,
1621 1028 1742 1071 non
1769 1007 2110 1069 deliciarum
2139 1028 2307 1081 usus,
2351 1028 2554 1071 verum
2579 1020 2770 1071 certa·

584 1108 743 1167 mina
768 1118 830 1167 et
870 1126 1105 1186 pugnas
1146 1105 1413 1179 ardebat,
1454 1115 1519 1165 et
1558 1105 1952 1185 principatum
1991 1105 2150 1164 unde
2194 1105 2306 1165 sibi
2351 1108 2430 1165 ob
2475 1106 2770 1179 virtutem,

583 1204 855 1283 gloriam,
884 1203 1257 1282 nominisque
1284 1200 1781 1263 immortalitatem
1806 1206 1968 1281 (qum
2005 1220 2146 1281 spes
2187 1220 2298 1262 nec
2341 1201 2768 1276 Alexandrum,

584 1318 695 1360 nec
722 1318 1057 1379 quenquam
1084 1298 1265 1360 alium
1289 1299 1531 1371 bonum,
1558 1316 1823 1378 unquam
1850 1297 2084 1374 fefellit)
2108 1311 2499 1379 compararet,
2523 1298 2768 1359 affecta-

448 1454 461 1465 ,
582 1398 707 1457 bat.
786 1396 1183 1465 Quamobrem
1210 1394 1399 1476 ipsius
1428 1412 1569 1454 cura
1596 1394 1998 1473 compluribus
2017 1395 2132 1471 (uti
2155 1412 2262 1475 par
2289 1397 2440 1468 erat)
2469 1394 2771 1455 nutritori-

581 1494 717 1567 bus,
758 1492 1128 1573 pedagogis,
1170 1511 1240 1552 ac
1286 1491 1746 1571 proeceptoribus
1787 1498 1882 1549 est
1907 1489 2290 1553 demandata.
2376 1490 2648 1571 Inprimis
2677 1502 2772 1551 ta-

582 1608 719 1650 men
749 1589 1072 1662 Aristoteli,
1112 1608 1187 1649 ex
1214 1586 1385 1667 cujus
1412 1585 1730 1665 disciplina
1758 1584 1965 1649 decem
1991 1586 2174 1647 ferme
2217 1586 2388 1648 annis
2418 1587 2770 1649 informatus

583 1696 695 1745 est.
779 1685 1005 1745 Eodem
1034 1684 1157 1743 fere
1184 1694 1445 1761 tempore
1472 1681 1785 1762 Philippus
1817 1681 2086 1761 Delphos
2126 1681 2305 1755 misit,
2345 1683 2668 1744 consulens
2696 1682 2772 1743 ds

584 1798 947 1851 successore,
996 1796 1463 1860 responsumque
1508 1776 1632 1837 tale
1679 1778 1984 1857 accepisse
2033 1779 2268 1839 ferunt:
2313 1778 2372 1837 Is
2401 1778 2642 1839 demum
2667 1789 2770 1839 tuo

581 1875 845 1953 imperio,
891 1874 1171 1954 omnique
1215 1875 1355 1934 orbe
1399 1874 1673 1955 potietur,
1710 1892 2138 1954 quemcumque
2165 1874 2544 1955 Bucephalus
2573 1893 2772 1937 sesso-

582 1990 705 2031 rem
746 1990 959 2050 passus
1002 1970 1195 2030 fuerit.
1279 1968 1425 2029 Erat
1463 1982 1662 2031 autem
1695 1968 2098 2051 Bucephalus,
2139 1990 2328 2050 equus
2367 1972 2560 2033 forma
2599 1990 2772 2051 spec-

582 2066 801 2140 tabilis,
844 2077 1023 2145 atque
1064 2064 1481 2138 ferocissimus,
1509 2084 1688 2144 quem
1731 2064 2077 2126 Philonicus
2119 2065 2443 2127 Thessalus
2491 2065 2770 2146 Philippo

588 2178 752 2223 xnr.
782 2162 1021 2222 talentis
1046 2171 1289 2222 emerat.
1372 2161 1549 2222 Hunc
1577 2160 1682 2221 diu
1711 2160 2020 2242 Philippus
2058 2162 2168 2222 sub
2210 2161 2486 2223 claustris
2529 2164 2770 2242 proei'er-

582 2259 725 2319 ratis
752 2258 1037 2321 asservari
1056 2256 1242 2338 jussit
1252 2277 1269 2327 ς
1315 2257 1535 2317 mansit
1560 2266 1758 2317 tamen
1787 2258 1874 2317 ita
1901 2258 2082 2332 ferus,
2109 2266 2178 2317 ut
2201 2258 2379 2337 plane
2405 2256 2606 2319 nullus
2633 2277 2770 2319 eum

583 2374 658 2413 ne
686 2364 931 2434 tangere
957 2353 1195 2433 quidem
1226 2371 1411 2414 ausus
1438 2353 1654 2413 fuerit:
1695 2372 1818 2433 qua
1862 2373 1925 2414 re
1965 2353 2186 2413 factum
2215 2366 2328 2427 est,
2367 2363 2438 2413 ut
2463 2374 2595 2414 eum
2625 2353 2770 2413 Phi·

581 2449 779 2530 lippus
808 2451 1091 2512 remoreri
1136 2460 1316 2530 atque
1358 2448 1533 2531 abjici
1574 2450 1839 2530 jusserit.
1918 2448 2257 2509 Alexander
2283 2466 2424 2510 vero
2451 2467 2586 2511 cum
2614 2449 2766 2512 forte

582 2546 841 2624 adesset,
873 2546 1153 2619 Qualem,
1194 2547 1405 2626 inquit,
1448 2547 1547 2607 isti
1584 2565 1802 2624 equum
1829 2545 2105 2624 perdunt,
2135 2545 2278 2606 dum
2307 2563 2380 2606 eo
2407 2564 2512 2625 per
2539 2545 2773 2627 imperi-

579 2643 721 2702 tiam
750 2661 823 2702 ac
852 2641 1154 2702 mollitiem
1180 2643 1269 2702 uti
1296 2641 1605 2700 nesciunt!
1688 2641 1958 2719 Cumque
1997 2641 2146 2702 mira
2171 2652 2319 2716 arte,
2359 2641 2488 2702 sine
2517 2642 2770 2704 verberi·
2805 2697 2826 2724 ,

580 2740 713 2811 bus,
756 2747 1076 2798 tractasset
1120 2755 1360 2814 equum,
1408 2736 1651 2797 tandem
1697 2754 2088 2797 conscensum
2117 2737 2196 2797 ad
2223 2757 2462 2800 cursum
2490 2737 2768 2800 admisis-

582 2845 693 2906 set,
736 2845 859 2892 tum
888 2831 1153 2893 calcibus
1182 2851 1327 2891 usus
1356 2841 1469 2905 est,
1512 2851 1583 2893 ac
1610 2832 1866 2894 molliter
1891 2833 2062 2894 flexis
2089 2833 2359 2908 habenis,
2385 2853 2524 2896 cum
2551 2855 2766 2915 equum

579 2928 934 2998 reduxisset,
982 2926 1399 2986 descendentis
1448 2939 1634 3006 caput
1679 2928 2057 2990 exosculatus
2096 2939 2285 3010 pater,
2317 2932 2548 2992 emissis
2575 2933 2768 3012 lacry-

579 3024 729 3085 mis:
773 3021 973 3095 Aliud,
1002 3023 1213 3103 inquit,
1240 3041 1277 3083 o
1302 3023 1407 3094 fili,
1442 3023 1549 3084 tibi
1587 3042 1694 3104 par
1736 3043 1983 3105 regnum
2010 3045 2229 3106 quaere,
2264 3026 2508 3105 quando
2545 3037 2603 3086 te
2637 3028 2766 3104 jam

582 3117 941 3180 Macedonia
964 3137 1083 3179 non
1112 3120 1290 3199 capit.
1372 3119 1686 3201 Praesagiit
1724 3121 1810 3182 vir
1851 3121 2112 3201 prudens
2146 3131 2270 3182 tam
2297 3121 2550 3183 excelsae
2577 3121 2764 3182 indoli
2866 3128 2879 3143 ‘

580 3233 700 3275 non
754 3214 1132 3276 suffecturam
1186 3226 1493 3295 paternam
1546 3217 1854 3279 ditionem.
1959 3217 2239 3279 Posthac
2290 3217 2600 3298 Philippus
2655 3219 2768 3280 toti

578 3311 830 3373 Groeciae
872 3311 1089 3373 bellum
1138 3312 1351 3374 inferre
1390 3313 1619 3388 statuit,
1659 3314 1736 3374 ad
1785 3313 1944 3394 quod
1989 3313 2466 3394 percommodum
2491 3325 2683 3389 ratus,
2713 3315 2763 3374 si

580 3407 927 3488 Byzantium
964 3409 1221 3469 nobilem
1246 3420 1309 3470 et
1334 3410 1685 3470 maritimam
1713 3411 1916 3470 urbem
1944 3411 2006 3470 in
2031 3419 2386 3489 potestatem
2414 3410 2765 3490 redegisset,

580 3505 830 3564 eandem
881 3505 991 3564 sibi
1040 3505 1415 3566 resistentem
1455 3504 1766 3567 obsidione
1809 3504 2013 3577 cinxit,
2053 3504 2257 3566 relicto
2285 3505 2446 3566 domi
2475 3506 2555 3566 ad
2597 3506 2762 3588 reg-ni

576 3617 777 3658 curam
823 3598 946 3658 filio
990 3597 1352 3673 Alexandro,
1378 3610 1505 3660 tum
1536 3621 1626 3662 xv
1638 3620 1685 3662 1.
1713 3621 1902 3662 annos
1933 3609 2094 3660 nato.
2179 3601 2329 3662 Huc
2359 3603 2504 3663 urbs
2533 3621 2572 3663 a
2603 3603 2760 3664 Pan-

576 3694 745 3755 sania
772 3694 1193 3773 Spartanorum
1221 3714 1361 3774 reg-e
1388 3697 1650 3769 condita,
1677 3717 1714 3757 a
1743 3697 2140 3758 Constantino
2165 3697 2544 3778 postmodum
2573 3697 2764 3778 gloria

576 3791 905 3870 opibusque
933 3801 1111 3849 aucta
1136 3803 1315 3869 atque
1342 3803 1641 3866 renovata,
1667 3803 1730 3854 et
1755 3813 1792 3854 a
1813 3793 2050 3855 nomine
2071 3813 2181 3854 suo
2205 3793 2761 3875 Constantinopolis

577 3887 757 3957 dicta,
798 3886 1028 3947 circiter
1057 3903 1263 3946 next..
1294 3906 1483 3948 annos
1519 3889 1900 3949 sacratissimi
1945 3889 2174 3970 Imperii
2219 3889 2416 3964 sedes,
2457 3890 2762 3972 totiusque

578 3983 837 4043 Orientis
864 3991 1047 4062 caput
1072 3981 1207 4045 fuit.
1290 3983 1467 4045 Nunc
1494 3995 1693 4046 tamen
1737 3985 1909 4066 (proh
1941 3983 2110 4047 dolor
2126 3987 2170 4062 Ι)
2213 3985 2552 4048 foedissimoe
2579 3998 2757 4068 atque

574 4079 931 4159 impiissime·
954 4077 1278 4141 Turcarum
1306 4080 1499 4159 gentis
1528 4082 1770 4161 imperio
1799 4083 2085 4162 subjacet.
2171 4081 2293 4143 Sed
2331 4093 2400 4144 ut
2426 4082 2505 4143 ad
2533 4082 2754 4160 Philip·

577 4191 717 4251 pum
744 4173 1001 4235 redeam.
1088 4175 1405 4238 Exhaustis
1448 4177 1511 4238 in
1552 4179 1860 4240 obsidione
1888 4180 2122 4259 opibus,
2145 4180 2450 4259 piraticam
2479 4177 2757 4261 agg=i=e<li2⁴
