3222 4944
1199 386 1270 446 Q.
1317 381 1582 435 cun-mr
1634 383 1843 437 num.
2447 373 2621 442 1607

441 591 449 600 ,
481 549 491 558 ·
513 531 672 594 1649
693 527 1142 594 Amstelodami.
1155 535 1214 594 8.
1232 551 1368 595 curn
1383 532 1713 596 notisVarr.
1724 543 2043 598 accurante
2056 535 2241 598 Corn.
2256 534 2619 600 Scbrevelio.

517 629 672 689 1650
715 628 1038 691 Monachii.
1072 630 1170 690 12.
1200 630 1280 699 Q.
1301 627 1494 690 Curtii
1522 628 1663 690 Rufi
1707 629 1784 690 de
1831 633 2006 692 rebus
2052 635 2128 694 ab
2159 631 2498 694 Alexandro
2524 633 2617 696 M.

428 725 615 800 gestis
649 725 799 786 Libri
827 736 983 801 octo,
1009 727 1069 786 in
1112 727 1310 806 capita
1349 725 1640 800 distincti,
1669 735 1731 786 et
1752 729 2112 809 synopsibus
2136 728 2617 808 argumentisque

426 817 704 883 illustrati
733 841 770 882 a
799 823 1018 883 Matth.
1047 821 1306 884 Radero.

437 970 444 976 .
506 948 592 963 —
629 917 1073 980 Amstelodami.
1111 920 1204 980 12.
1234 917 1396 999 apud
1425 918 1678 982 Elzevir.
1778 937 1784 944 ·

513 1012 672 1074 1655
710 1014 1158 1082 Amstelodami.
1189 1017 1287 1076 12.
1315 1013 1627 1088 Valentini¹
1650 1013 1917 1078 Thilouis
1946 1006 2192 1078 Curtiu'b
2236 1024 2455 1092 orator,
2495 1015 2620 1077 sive

425 1109 725 1171 orationes
752 1110 1055 1173 Curtianae
1075 1110 1241 1172 brevi
1268 1111 1520 1192 analysi,
1546 1114 1664 1174 dcc.
1689 1111 2027 1174 illustratoe.

511 1205 668 1265 1656
710 1206 1460 1269 Amstelodami.12.cum
1487 1207 1645 1266 notis
1676 1207 1974 1270 Loccenii.

508 1329 593 1346 ·-
632 1301 912 1382 Lugduni
940 1299 1076 1362 Bat.
1112 1303 1209 1376 12.
1239 1301 1400 1382 apud
1429 1300 1678 1365 Elzevir.

513 1397 669 1458 1658
713 1398 990 1478 Lugduni
1039 1397 1172 1458 Bat.
1215 1400 1278 1460 8.
1329 1397 1405 1466 Q.
1436 1397 1627 1457 Curtii
1674 1397 1813 1459 Rufi
1856 1397 2123 1460 Historia
2163 1398 2486 1462 Alexandri
2530 1365 2625 1462 Μ.

429 1511 568 1553 cum
613 1494 771 1554 notis
827 1493 1120 1554 selectiss.
1178 1491 1512 1567 variorum,
1567 1492 2621 1576 Raderi,Freinshemii,1.occenii,

432 1587 772 1661 Blancardi,
822 1592 936 1649 erc.
1018 1587 1220 1653 Editio
1277 1581 1739 1662 accuratissima,
1798 1599 2116 1651 accurante
2171 1589 2246 1651 Ο.
2302 1591 2367 1652 S.
2412 1589 2623 1667 (Corn.

431 1681 796 1759 Schrevelio)
821 1681 911 1747 M.
942 1682 1020 1743 D.
1045 1683 1242 1764 Lugd:
1269 1683 1406 1745 Bat.
1429 1683 1590 1764 apud
1618 1682 1955 1764 ,Iohannem
1984 1683 2623 1754 Elsevirium.—Quic-

429 1777 574 1858 qnid
601 1778 811 1841 titulus
851 1780 1182 1858 promittat,
1210 1779 1443 1840 mendis
1479 1790 1679 1842 tamen
1721 1781 2086 1862 gravioribus
2115 1781 2367 1843 subinde
2391 1781 2627 1843 laborat

424 1872 559 1935 boec
587 1873 792 1935 editio.
848 1873 959 1934 Est
983 1891 1168 1954 penes
1197 1893 1332 1936 nos.

508 1999 592 2017 ——
631 1968 822 2032 Jenoe.
857 1971 952 2030 12.
978 1969 1057 2038 Q.
1081 1971 1274 2032 Curtii
1303 1970 1441 2031 Rufi
1463 1970 1540 2032 de
1565 1973 1745 2033 rebus
1774 1971 1959 2052 gestis
1978 1971 2303 2034 Alexandri
2324 1973 2409 2032 M.
2434 1972 2623 2034 histo·

430 2063 648 2126 riarum
675 2075 972 2145 quotquot
997 2077 1318 2148 supersunt
1347 2068 1528 2142 Libri,
1555 2065 1697 2128 Joh.
1728 2069 1998 2132 Loccenii
2028 2068 2233 2129 Indice
2258 2067 2621 2149 philologico

429 2171 493 2222 et
517 2161 694 2222 Notis
723 2161 980 2242 politicis
1011 2160 1310 2223 illustrati.
1392 2161 1432 2221 J
1435 2181 1588 2238 ense,
1617 2163 1802 2225 literis
1838 2165 1918 2227 G.
1947 2164 2389 2246 Sengenwaldi,
2417 2165 2625 2226 sumti·

431 2258 545 2320 bus
573 2257 757 2336 Casp.
786 2256 1030 2317 Mulleri
1058 2255 1316 2336 Bibliop.
1342 2255 1611 2320 Preslav.

511 2387 594 2399 —
636 2353 876 2415 Gothee.
907 2354 965 2413 8.
986 2371 1061 2414 ex
1084 2351 1271 2412 Andr.
1300 2352 1557 2432 Reyheri
1576 2352 1857 2416 editione.

517 2449 678 2511 1659
717 2447 1298 2513 Amstelodami.12.
1326 2467 1464 2511 cum
1489 2449 1695 2514 Indice
1720 2451 2079 2533 philologico
2106 2459 2168 2513 et
2188 2451 2342 2515 notis
2368 2451 2623 2534 politicis

433 2544 532 2607 Jo.
564 2546 861 2609 Loccenii.

519 2642 678 2703 1660
720 2643 1169 2706 Amstelodami.
1203 2644 1300 2706 12.
1331 2660 1428 2724 ap.
1457 2642 1710 2706 Elzevir.

519 2738 676 2799 1663
717 2738 1173 2802 Amstelodami.
1208 2742 1304 2801 12.
1333 2738 1412 2807 Q.
1446 2739 1638 2800 Curtii
1685 2738 1822 2798 Rufi
1872 2735 1949 2799 de
2002 2738 2179 2800 rebus
2217 2738 2405 2818 gestis
2444 2706 2629 2801 Alex-

429 2832 602 2895 andri
630 2832 722 2898 M.
740 2834 1117 2897 historiarum
1145 2845 1440 2916 quotquot
1465 2844 1791 2916 supersunt
1811 2834 1989 2908 Libri,
2010 2836 2109 2898 Jo.
2132 2835 2407 2896 Loccenii
2425 2836 2629 2897 Indice

431 2928 794 3009 philologico
821 2944 884 2991 et
912 2930 1085 2992 Notis
1105 2932 1365 3011 politicis
1391 2930 1691 2993 illustrati.
1735 2930 1936 2993 Editio
1960 2931 2285 2993 novissima
2310 2932 2629 2995 correctior

432 3034 495 3085 et
521 3024 768 3087 auctior.
851 3028 1046 3086 Amst.
1074 3025 1234 3105 apud
1260 3027 1362 3087 Jo.
1385 3026 1800 3088 J'anssonium.

511 3140 596 3168 —-··
635 3122 1068 3200 Norimbergae.
1125 3123 1186 3181 8.
1245 3120 1396 3181 Phil.
1444 3121 1647 3181 Caroli
1694 3120 2255 3182 Animadversiones
2302 3122 2629 3197 historicoe,

431 3215 714 3295 politicae,
739 3214 1116 3293 philologicae
1143 3214 1206 3274 in
1236 3214 1314 3283 Q.
1345 3215 1534 3276 Curtii
1564 3214 1706 3276 Rufi
1745 3215 1823 3277 de
1864 3217 2040 3276 rebus
2089 3216 2277 3296 gestis
2304 3216 2631 3278 Alexandri

434 3308 528 3371 M.
599 3309 782 3370 libros
830 3328 905 3369 x.
954 3308 1170 3388 quibus
1218 3306 1560 3371 dissertatio
1601 3328 1759 3371 nova
1803 3310 2179 3391 proetnittitur
2182 3312 2628 3389 e-Subjunctae

432 3402 701 3487 ejusdem
753 3402 1381 3466 Animadversionibus
1435 3404 1496 3464 in
1541 3404 1759 3485 Agellii
1808 3404 2034 3465 Noctes
2075 3403 2311 3465 Atticas
2358 3404 2627 3464 Norimb.

457 3544 678 3659 ·1664
718 3598 1170 3665 Amstelodami.
1201 3600 1261 3661 8.
1289 3616 1388 3679 ap.
1415 3596 1705 3672 Hackios,
1740 3616 1880 3659 curn
1921 3597 2079 3659 notis
2105 3596 2278 3661 Varr.
2307 3606 2628 3660 accurante

436 3694 620 3755 Corn.
648 3693 1011 3757 Schrevelio.

515 3822 600 3837 --
641 3790 964 3852 Monachii.
996 3790 1092 3851 12.
1121 3789 1250 3851 sine
1279 3790 1459 3852 notis.
1490 3790 1787 3872 Repetitio
1814 3788 2123 3855 ed.1650.

521 3884 679 3947 1665
719 3884 1169 3948 Amstelodarni.
1203 3887 1300 3947 12.
1327 3884 1488 3965 apud
1517 3885 1770 3949 Elzevir.

521 3982 680 4042 1666
717 3981 971 4061 Trajecti
999 3980 1078 4041 ad
1105 3978 1403 4041 Rhenum.
1439 3984 1535 4043 12.

522 4078 680 4139 1668
725 4076 1112 4142 Francofurti.
1143 4079 1202 4141 8.
1229 4096 1364 4139 cum
1403 4078 1562 4139 notis
1595 4080 1767 4142 Varr.
1810 4098 1886 4141 ex
1913 4078 2171 4141 editione
2199 4078 2385 4141 Corn.
2414 4074 2627 4139 Schre·

441 4172 598 4237 velii.
