3222 4944
866 446 937 505 Q.
982 442 1239 493 cun-ru
1290 444 1469 493 nun
1519 442 1668 493 ma.
1715 442 1826 493 ix.
1871 444 2036 492 csr.
2081 430 2152 493 4.

408 586 539 635 tinm
580 588 640 633 ut
681 584 1021 643 Astronomiae
1058 584 1371 648 imperitum,
1407 590 1464 634 et

410 656 642 709 infamias
680 666 803 707 nota
832 658 1134 721 signandum
1166 656 1464 709 criminetur

411 732 493 781 Cl.
514 732 745 800 Clericus
770 731 963 782 Jndicii
987 745 1051 781 ιι.
1089 738 1139 781 ⁵.
1203 732 1283 781 De
1307 731 1358 779 vi
1382 746 1465 780 vo-

412 808 488 856 cis
520 808 755 869 ξιισιιῠανε,
808 807 928 856 vide
970 822 1083 870 qum
1128 806 1339 867 collegit
1382 806 1461 855 Cl.

410 881 657 931 Dukerus
675 880 743 934 ad
760 882 899 931 Flori
920 894 982 931 ιι.
1002 886 1053 931 6.
1076 886 1157 932 67.
1190 882 1344 931 Snak.

476 956 727 1005 Emriens
742 958 937 1021 notura]
972 956 1254 1019 Deficiens,
1271 964 1327 1009 et
1340 969 1462 1021 qus-

410 1029 454 1078 si
477 1027 653 1079 effoeta
676 1032 951 1095 languente
978 1032 1277 1095 propagine,
1300 1036 1359 1081 ut
1380 1045 1465 1080 sn-

410 1118 509 1167 pra
528 1119 603 1155 iv.
626 1110 675 1155 7.
700 1110 777 1155 10.
813 1106 963 1157 ‘Jam
1000 1112 1173 1155 tamen
1210 1106 1377 1157 sterili
1408 1111 1465 1155 et

409 1181 695 1229 emoriente
748 1180 922 1229 terra-⁹
986 1181 1080 1229 Vis
1137 1187 1193 1231 et
1234 1179 1465 1233 efficacia

406 1250 642 1319 quedam
681 1254 969 1319 composito
1004 1255 1197 1305 inesse
1234 1253 1463 1304 *videtur-

406 1332 656 1382 Pluedrns
681 1346 718 1382 1.
734 1337 785 1381 6.
804 1336 854 1379 7.
889 1332 906 1358 ‘
926 1330 1077 1380 Nunc
1100 1328 1270 1393 inquit
1288 1342 1465 1377 omncs

407 1420 537 1457 nnus
579 1407 753 1456 exurit
782 1406 945 1465 lacus,
966 1404 1221 1467 Cogitque
1252 1403 1462 1453 miseras

406 1481 551 1532 arida
574 1481 699 1531 sede
720 1480 880 1531 emori
899 1480 935 1527 ε’
966 1479 1053 1529 nbi
1078 1479 1162 1527 vix
1186 1479 1339 1529 ullam
1364 1480 1463 1529 sim

408 1559 463 1607 in
482 1558 772 1620 composito
795 1570 905 1618 prm
938 1554 1156 1616 simplici
1180 1562 1479 1625 agnoscunt·

410 1630 702 1680 doctissimi
756 1633 1197 1679 commentatores.
1278 1629 1346 1678 Et
1388 1628 1465 1679 sic

407 1702 679 1755 Sallustius
713 1718 806 1766 pro
836 1702 1055 1765 simplici
1086 1703 1257 1767 posuit
1280 1704 1342 1753 B.
1367 1704 1465 1753 Ca-

409 1780 489 1830 til.
512 1794 559 1830 c.
578 1783 658 1828 2⁰.
694 1780 710 1808 ⁶
730 1778 915 1829 Nonne
933 1778 1090 1827 emori
1108 1793 1201 1841 per
1222 1778 1463 1829 virtutem

408 1860 626 1917 praestat
640 1854 676 1902 ?'
743 1851 937 1903 Iterum
958 1854 1203 1917 Jugurtb.
1238 1867 1351 1917 cap.
1380 1858 1463 1905 17.

410 1938 423 1958 ·
448 1930 658 1980 Utinam
681 1928 841 1978 emori
870 1927 1090 1979 fortunis
1126 1929 1251 1978 meis
1278 1930 1463 1980 bones·

411 2011 495 2055 tus
517 2005 689 2054 exitus
712 2004 885 2053 esset.’
918 2003 1072 2053 snas.

472 2082 503 2142 ς
539 2083 601 2132 19
636 2078 747 2127 Rex
776 2093 869 2126 m
896 2079 1005 2142 sna]
1036 2078 1173 2129 Quia
1194 2078 1463 2130 interritus

408 2155 575 2205 nullas
619 2160 820 2215 gentes,
864 2154 1189 2215 quantumvis
1248 2150 1467 2214 feroces,

407 2227 693 2289 metuebat,
702 2227 804 2274 imo
821 2240 923 2290 qno
940 2224 1286 2276 bellicosiores
1303 2234 1469 2290 erant,

410 2303 508 2353 hoc
550 2302 813 2352 ardentius
864 2302 1055 2351 bellum
1110 2315 1227 2351 cnm
1268 2301 1370 2349 illis
1414 2308 1469 2349 et

410 2378 645 2441 proelium
682 2375 987 2440 expetebat,
1029 2390 1060 2425 a
1094 2375 1279 2440 quibus
1314 2375 1467 2425 victis

411 2454 658 2517 majorem
682 2451 869 2503 famam
904 2459 960 2503 et
982 2451 1195 2514 gloriam
1230 2456 1367 2502 esset
1388 2464 1468 2501 re-

414 2535 740 2591 portaturus:
776 2541 893 2578 cum
916 2527 1057 2576 enim
1080 2527 1155 2576 illi
1178 2527 1468 2576 nuntiatum

404 2609 572 2659 esset.
594 2618 745 2668 qnam
761 2602 943 2652 validm
958 2610 1139 2666 gentes
1162 2607 1303 2650 trans
1325 2601 1467 2652 Gan·

414 2693 549 2744 gem,
568 2685 625 2730 et
657 2686 853 2742 quanto
886 2691 1003 2727 cum
1032 2677 1196 2726 milite
1216 2676 1355 2726 illum
1379 2691 1465 2726 ex·

412 2761 707 2819 pectarent,
747 2755 765 2781 ⁴
789 2750 1117 2808 vehementi?
1165 2751 1331 2816 inquit
1373 2751 1467 2800 Ar·

413 2829 606 2889 rianns,
636 2835 651 2857 ⁸
672 2829 788 2891 ejus
822 2825 1042 2876 animum
1089 2825 1305 2874 ulterius
1348 2839 1465 2888 pro-

412 2903 629 2953 cedendi
672 2901 845 2952 studio
886 2899 1322 2952 exstimulabant!
1366 2900 1463 2949 Ra·

415 2979 569 3028 durus.
1386 2981 1397 2988 ·

477 3051 788 3102 &auaitum
803 3051 1116 3102 ωαίσιιιιάἰιιο
1128 3049 1327 3112 anxius]
1348 3048 1468 3099 1110-

412 3141 525 3177 rum
548 3128 682 3176 enim
703 3125 861 3174 animi
897 3125 1227 3184 fatiscebant,
1255 3129 1311 3172 et
1333 3137 1465 3172 novo

409 3201 560 3250 hoste
596 3200 819 3262 objecto.
844 3196 1278 3249 exanimabantur.
1310 3198 1467 3246 Rade-

408 3290 511 3326 rus.

480 3349 699 3400 Inbelles
738 3348 862 3411 esso]
910 3346 1212 3408 Respondet
1254 3347 1319 3394 ad
1364 3346 1469 3407 pri-

414 3441 553 3478 mum
594 3423 937 3476 Macedonum
982 3418 1355 3483 trepidantium
1391 3432 1471 3466 ιιι·-

418 3507 744 3567 gumentum:
780 3501 795 3527 ⁸
816 3511 931 3550 cum
952 3492 1282 3545 ferocissimis
1304 3491 1471 3555 genti·

418 3578 725 3630 bnsbellnm
756 3574 1013 3636 integrum
1042 3567 1189 3619 esse-³
1254 3567 1372 3617 Hoc
1394 3566 1469 3616 di-

417 3656 537 3717 luit,
556 3661 811 3717 negatque
832 3649 993 3699 fortes
1023 3661 1157 3706 esse,
1180 3645 1271 3697 sed
1293 3643 1469 3694 imbei-

416 3733 495 3781 les
546 3729 659 3778 illas
712 3733 913 3790 gentes.
964 3722 1209 3783 nulloque
1262 3719 1471 3782 negotio

418 3806 558 3856 vinci
594 3809 650 3853 et
686 3801 848 3852 deleri
885 3811 1053 3862 posse.
1092 3797 1191 3848 ,Et
1221 3794 1471 3844 credebat

418 3882 567 3932 miles
588 3879 699 3942 regi
718 3887 995 3938 numquam
1026 3863 1249 3931 fallenti,
1270 3876 1327 3919 nt
1349 3868 1472 3919 alibi

421 3961 647 4006 testatus
688 3957 770 4001 est
822 3947 1067 4000 Curtius:
1118 3943 1305 3994 deinde
1358 3945 1473 3994 illas

421 4045 553 4082 unas
589 4034 644 4078 et
676 4029 827 4082 solas,
858 4035 1046 4086 easque
1078 4021 1219 4084 ipsas
1244 4018 1473 4070 imbelles

417 4115 712 4172 superesse,
746 4100 911 4150 nullos
946 4109 1109 4146 novos
1139 4094 1325 4144 hostes
1348 4093 1475 4144 alios

422 4175 873 4245 pertimescendos,
891 4181 947 4223 et
968 4171 1043 4222 bis
1065 4167 1340 4233 superatis,
1355 4181 1474 4217 mox

409 4255 489 4304 nd
510 4256 717 4305 ultimos
736 4248 909 4299 mnndi
944 4246 1071 4296 fines
1104 4247 1471 4309 perventu-ros:

550 4333 725 4394 Deiph.
740 4335 787 4380 et
814 4330 930 4379 Ver.
952 4327 1079 4377 Clas.

1411 4322 1476 4378 Q.
1504 4325 1641 4372 Curt-

2419 426 2593 499 1441

1528 596 1593 633 -se
1613 581 1796 635 fecisse
1833 582 1935 633 illis
1969 584 2104 635 hanc
2134 560 2370 651 'gratiam
2395 589 2452 635 nt
2487 583 2597 637 nni-

1538 659 1642 707 lnm
1665 665 1877 721 cogeret
1901 659 2140 723 trajicere
2163 659 2422 722 Gangem,
2442 674 2596 725 quem

1536 734 1861 797 metuissent,
1893 741 1948 783 et
1981 735 2232 793 adversus
2259 740 2438 797 gentes
2461 736 2600 788 num

1524 808 1771 870 Gangem
1795 810 1921 861 sitas
1942 809 2266 873 belligerare,
2293 810 2496 873 iterque
2521 809 2596 861 in·

1536 883 1605 931 de
1627 884 1691 933 ad
1715 884 2000 946 Oceanum,
2019 898 2122 949 qna
2154 883 2420 934 meridiem
2443 898 2597 947 spee-

1538 962 1634 1019 tat,
1665 956 1951 1020 deflexisse,
1983 964 2041 1013 nt
2060 958 2114 1007 id
2136 957 2270 1023 qnod
2297 958 2434 1009 ultra
2455 957 2597 1009 Gan·

1538 1045 1655 1095 gem
1692 1034 1998 1097 quesiturns
2039 1041 2173 1096 erat,
2199 1033 2333 1083 citra
2358 1032 2596 1094 Gangem

1536 1122 1652 1157 cnm
1675 1108 1858 1158 minori
1883 1108 2113 1171 periculo
2143 1116 2200 1157 et
2223 1106 2408 1170 majori
2431 1107 2596 1168 gloria

1532 1188 1938 1246 assequeretur-2
1973 1181 2207 1245 proinde,
2245 1196 2342 1243 par
2375 1195 2504 1243 esse,
2539 1187 2597 1231 nt

1538 1258 1635 1306 sibi
1659 1270 1864 1321 qnoque
1893 1257 2030 1307 nitra
2057 1256 2254 1307 Bacchi
2276 1262 2332 1305 et
2355 1255 2598 1308 Herculis

1537 1330 1784 1381 terminos
1807 1330 2040 1381 tendenti
2054 1330 2486 1394 obsequerentur,
2495 1344 2596 1381 nee

1536 1407 1678 1455 illam
1721 1407 1817 1456 sibi
1859 1406 2061 1455 laudem
2104 1412 2160 1454 et
2199 1404 2598 1461 immortalitatis

1538 1478 1729 1530 famam
1765 1479 2080 1541 inviderent,
2111 1493 2208 1529 nec
2246 1486 2497 1542 cogerent
2541 1492 2600 1530 se

1541 1570 1607 1605 ex
1643 1555 1796 1625 Indis
1824 1554 2029 1618 fugere,
2061 1556 2152 1605 sed
2187 1570 2304 1605 cum
2344 1556 2600 1618 triumpho

1543 1631 1687 1679 velut
1723 1629 1944 1678 devictis
1975 1630 2202 1681 hostibus
2245 1629 2446 1679 redire:
2486 1630 2599 1693 jam

1538 1703 1800 1767 proximos
1841 1717 1958 1752 esse
1998 1704 2228 1765 Oceano,
2261 1704 2374 1766 jam
2419 1718 2596 1754 auram

1536 1780 1693 1829 maris
1715 1779 1781 1829 ad
1803 1780 1944 1842 ipsos
1965 1792 2123 1843 nsque
2159 1776 2461 1842 perflantem
2484 1792 2599 1835 sen-

1536 1855 1654 1905 tire.
1723 1854 1857 1903 Hoc
1894 1856 2078 1916 oratio,
2113 1853 2208 1903 sed
2239 1853 2466 1916 obliqua,
2494 1852 2598 1905 fnit

1536 1928 1845 1991 Alexandri,
1887 1930 1942 1978 in
1988 1944 2088 1992 qus
2130 1929 2423 1992 singillatim
2467 1928 2598 1987 illud

1536 2005 1676 2069 quod
1721 2004 1920 2055 dictum
1966 2010 2067 2063 est,
2101 2018 2204 2054 non
2244 2004 2401 2068 lippis
2436 2003 2597 2055 oculis

1539 2079 1804 2142 transibis,
1846 2081 2068 2129 cessisse
2107 2079 2209 2130 illis
2249 2079 2597 2133 metuentibus

1538 2155 1772 2219 Gangem
1811 2162 1866 2204 et
1895 2154 2276 2208 multitudinem
2311 2155 2598 2211 nationum,

1538 2244 1653 2295 qum
1678 2231 1816 2279 ultrs
1836 2244 2034 2279 amnem
2057 2234 2232 2279 essent
2246 2246 2262 2279 ι
2299 2230 2396 2279 boc
2417 2238 2517 2290 est,
2537 2244 2598 2281 se

1540 2304 1756 2353 cessisse
1788 2304 1908 2368 illis,
1940 2312 1998 2354 et
2032 2305 2200 2355 locum
2224 2302 2464 2367 precibus
2486 2304 2595 2359 iilo-

1542 2392 1651 2427 rum
1702 2377 1922 2442 dedisse,
1963 2393 2045 2435 ne,
2103 2392 2254 2441 qnem
2311 2378 2602 2435 timuissent

1542 2452 1802 2516 Gangem,
1827 2458 2133 2515 cogerentur
2151 2453 2526 2510 transmittere,
2541 2458 2600 2502 et

1542 2543 1660 2578 cnm
1683 2528 1888 2592 populis
1908 2529 2041 2577 nltrs
2061 2529 2298 2590 Gangem
2321 2527 2453 2588 sitis,
2474 2542 2600 2593 qno·

1540 2618 1652 2654 rum
1675 2617 1816 2654 uma
1831 2610 1889 2653 et
1905 2601 2204 2665 elephantos
2219 2600 2602 2662 formidassent,

1539 2691 1718 2728 manus
1768 2669 2082 2740 conserere:
2139 2673 2230 2724 sed
2287 2687 2363 2737 se,
2418 2674 2600 2728 relicto

1541 2757 1743 2820 Gange,
1765 2763 1822 2805 et
1845 2754 2089 2820 quidquid
2125 2755 2258 2804 ultra
2281 2761 2380 2816 est,
2409 2753 2512 2804 iter
2532 2753 2600 2804 ad

1540 2832 1764 2882 reditum
1799 2831 2103 2886 declinasse,
2143 2835 2298 2895 atque
2330 2828 2395 2881 ad
2419 2828 2600 2880 Acesi-

1538 2920 1656 2956 nem
1695 2906 1928 2957 rediisse.
1991 2905 2154 2955 Tuam
2199 2903 2374 2965 fldem,
2417 2904 2602 2966 lector,

1539 2990 1712 3032 utrum
1733 2995 1835 3030 non
1869 2981 1967 3030 boc
1997 2995 2063 3029 ex
2082 2979 2198 3048 ipsa
2219 2979 2389 3028 Curtii
2407 2987 2600 3037 mente,

1542 3063 1756 3119 pectore
1777 3062 1833 3106 et
1854 3055 2039 3104 sensu?
2103 3054 2398 3116 Diligenter
2427 3055 2599 3104 omnia

1540 3128 1700 3178 verba
1741 3127 1988 3192 expendi,
2028 3134 2085 3177 et
2126 3127 2415 3177 statim.ab
2449 3128 2598 3181 initio

1540 3205 1672 3254 hanc
1695 3203 1862 3253 labem
1883 3202 2052 3252 inesse
2074 3202 2274 3262 Curtio,
2292 3201 2408 3262 sibi,
2431 3208 2490 3250 nt
2509 3215 2600 3254 ιιι-

1543 3285 1630 3328 tes
1669 3277 1828 3326 verba
1856 3276 2130 3338 jacebant,
2158 3276 2258 3339 ipsi
2295 3275 2346 3324 in
2383 3289 2440 3324 se
2470 3288 2601 3338 pug-

1545 3350 1707 3403 nanti,
1752 3347 2108 3399 animadverti.
2157 3348 2310 3398 ,Non
2354 3348 2602 3398 transisse

1546 3422 1805 3480 Gangem,
1871 3417 2028 3470 etiam
2087 3415 2293 3472 Siculus
2365 3423 2603 3468 testatur.

1546 3496 1564 3524 ⁴
1582 3493 1721 3547 Quia
1744 3492 1880 3545 enim
1903 3491 2139 3554 Gangem
2171 3491 2386 3542 transire
2425 3492 2602 3544 Mace-

1546 3571 1708 3622 dones
1717 3568 2092 3632 detrectarent,
2107 3572 2166 3618 et
2180 3564 2398 3618 subinde
2411 3567 2465 3616 in
2478 3581 2602 3620 con·

1546 3644 1776 3696 cionibus
1811 3641 1921 3706 regi
1953 3641 2177 3691 clamore
2210 3654 2304 3696 sno
2338 3640 2606 3706 obstrepe.

1545 3719 1980 3780 bant,ortnmque
1999 3729 2068 3764 ex
2089 3715 2374 3766 Hammone
2395 3716 2603 3780 sugilla-

1546 3795 1708 3855 bant-3
1741 3806 1924 3856 agmen
1950 3793 2048 3842 hoc
2069 3792 2348 3842 Persarum
2370 3792 2602 3856 ejusdem

1549 3870 1739 3925 astatis.
1780 3867 1918 3933 qnod
1963 3867 2204 3930 phalangi
2247 3867 2600 3918 Macedonica

1546 3945 1742 4008 opponi
1760 3949 1958 4008 posset,
1981 3943 2086 3993 sibi
2115 3940 2470 4004 comparavit-⁹
2501 3940 2603 3994 Ra-

1610 4096 1642 4158 §
1678 4097 1742 4144 21
1781 4092 1992 4157 Perflsrc
2023 4089 2087 4144 od
2121 4091 2246 4154 ipsos
2281 4087 2470 4149 wem]
2500 4089 2601 4138 Vei

1536 4167 1670 4218 -dele
1687 4169 1768 4223 nd,
1788 4169 1874 4216 vel
1893 4166 2044 4227 forte,
2061 4165 2264 4227 proflare
2277 4179 2297 4220 ,-
2320 4163 2402 4210 vel
2425 4161 2601 4224 etiam,

1546 4241 1748 4305 pertin-e
1781 4243 1897 4292 odeo
1941 4241 2065 4303 ipsos
2104 4251 2268 4290 amm
2303 4237 2481 4367 κιαι-ὼγ,
2517 4239 2599 4290 vel

2357 4319 2390 4365 4
