3222 4944
642 424 813 491 1540

644 580 1025 644 provinciarum
1066 580 1203 628 inter
1226 578 1382 627 duces
1407 576 1690 627 Alexandri

642 657 901 720 plerisque
946 663 1269 718 memoratur,
1314 668 1525 718 quorum
1567 668 1688 703 con·

639 746 847 780 sensnm
892 738 983 781 aut
1024 731 1413 792 discrepantias,
1464 730 1690 791 itemque

641 805 1033 868 depravationes
1044 804 1318 854 secundnm
1336 804 1597 853 literarum
1610 818 1689 852 se·

641 880 790 940 riem‚
809 880 1072 928 velocioris
1098 880 1394 927 intellectus
1410 893 1554 941 ergo,
1570 878 1690 925 snb-

632 954 874 1015 jecimus.
906 952 1122 1002 Freinsh.
1190 952 1273 1001 Ad
1290 955 1482 1002 calcem
1506 966 1691 1015 nempe

642 1028 849 1089 capitis.
885 1027 1037 1076 Saule.

708 1104 791 1152 Itu
812 1102 966 1151 dividi
982 1102 1183 1164 piacur't]
1214 1102 1405 1164 Opera
1444 1108 1521 1149 est
1559 1101 1693 1150 hanc

643 1176 943 1226 divisionem
980 1176 1214 1226 conferre
1243 1192 1357 1225 cnm
1392 1176 1505 1225 aliis
1535 1176 1692 1224 histo-

644 1252 785 1300 ricis.
850 1251 1132 1301 Perdiccas
1155 1252 1311 1314 igitur
1334 1252 1497 1313 primo
1522 1251 1595 1299 ita
1615 1248 1694 1299 di-

642 1326 790 1386 vidit,
802 1333 861 1373 ut
880 1325 1143 1375 Aridaeum
1160 1325 1365 1389 quidem
1379 1326 1607 1387 Philippi
1628 1340 1694 1373 ex

642 1400 897 1449 Larissam
908 1400 1170 1451 saltatrice
1182 1400 1337 1449 filium
1352 1414 1524 1463 regem
1535 1400 1696 1449 faciat

644 1475 801 1524 titulo
841 1483 1009 1532 tenus,
1044 1490 1100 1524 se
1134 1490 1255 1525 vero
1288 1475 1574 1535 ἐπιμελητὴν
1606 1478 1696 1533 τῆς

646 1550 913 1611 βασιλείας,
966 1556 1312 1613 procuratorem
1350 1553 1490 1612 regni
1504 1566 1525 1609 ,·
1580 1565 1693 1599 nam

648 1626 899 1675 curatoris
933 1625 1117 1687 egebat
1138 1625 1390 1682 Aridoeus,
1412 1638 1527 1673 cum
1558 1638 1695 1673 emo·

644 1707 715 1749 tm
749 1702 978 1763 paullum
1020 1700 1231 1761 mentia,
1270 1705 1407 1765 teste
1446 1698 1693 1759 Diodoro,

642 1774 779 1823 solus
794 1775 947 1823 rebus
966 1774 1069 1822 suis
1088 1786 1359 1833 superesse
1376 1786 1475 1820 non
1500 1779 1694 1834 posset.

642 1849 913 1897 Leccam.
978 1849 1059 1896 Ila
1096 1846 1251 1897 dividi
1279 1845 1481 1909 placuit]
1510 1847 1694 1895 Paullo

645 1924 801 1972 aliter
868 1922 1171 1970 divisionem
1226 1930 1407 1969 narrat
1476 1920 1696 1969 Diodor.

646 2009 812 2045 xvur.
834 2000 883 2045 8.
912 2004 967 2045 et
993 2002 1174 2057 postea
1194 2008 1399 2057 quoqne
1425 1996 1563 2043 varie
1586 2008 1694 2044 mu·

648 2077 761 2118 tata
780 2070 898 2133 fuit,
920 2070 1039 2118 dnm
1063 2070 1193 2117 alius
1219 2068 1304 2116 alii
1330 2066 1692 2130 praefecturam

645 2144 863 2205 eripuit,
878 2158 1083 2206 sumque
1105 2141 1357 2205 adjunxit.
1393 2142 1565 2193 Cellcr.

716 2220 995 2267 Ptolemae:
1016 2219 1219 2280 AEg'yptr'
1238 2222 1285 2265 et
1304 2216 1507 2279 Africoe]
1531 2217 1693 2281 Appi·

646 2307 790 2356 anus,
809 2294 893 2355 qui
914 2300 969 2341 et
986 2292 1119 2340 hanc
1136 2291 1551 2341 distributionem
1576 2308 1694 2355 per-

646 2373 827 2417 censet
848 2368 901 2415 in
924 2365 1167 2429 Syriacis,
1198 2373 1375 2415 auctor
1396 2374 1496 2422 eat,
1518 2367 1696 2416 Ptole-

650 2458 837 2494 maeum
868 2456 969 2492 non
1004 2443 1113 2492 sola
1132 2441 1356 2505 Egypto
1393 2442 1692 2492 contentum

646 2520 807 2569 etiam
820 2520 981 2582 Syrie
1006 2517 1273 2580 imperium
1286 2515 1571 2568 affectasse.
1602 2518 1697 2567 Di-

648 2591 853 2652 odorus,
884 2593 1038 2642 solius
1058 2593 1265 2655 AEgypti
1299 2601 1555 2654 satrapam
1588 2590 1695 2641 fac·

649 2676 773 2718 tum.
807 2668 1062 2731 justinus,
1092 2682 1193 2717 non
1230 2667 1441 2730 AEgypti
1474 2675 1693 2722 tantum,

647 2743 741 2790 sed
762 2751 819 2791 et
840 2741 1048 2802 Africae,
1086 2747 1144 2790 ut
1182 2739 1391 2789 Curtius
1430 2741 1604 2802 habet,
1637 2749 1695 2790 et

646 2815 875 2866 Arabiae.
906 2816 1102 2865 Loecea.
1166 2817 1236 2864 Et
1257 2815 1437 2874 Africa
1453 2815 1691 2877 gentium]

648 2891 899 2953 AEgyptus
924 2890 975 2937 in
1007 2889 1336 2953 Geographia
1362 2889 1526 2937 veteri
1548 2887 1691 2936 Asiae

646 2971 730 3013 est
765 2978 903 3026 pars,
932 2979 963 3012 a
1000 2979 1102 3027 qua
1140 2963 1325 3014 Africa
1362 2964 1689 3012 Catabathmi

646 3038 727 3086 val
734 3038 781 3084 le
792 3036 1138 3099 distinguitur.
1178 3038 1353 3086 Pauca
1363 3051 1489 3098 ergo
1502 3037 1690 3086 veteris

646 3109 843 3160 Africae
865 3109 1114 3174 parebant
1132 3110 1517 3160 Macedonibus.
1580 3111 1692 3160 Sci-

643 3186 769 3235 licet
790 3200 904 3249 quae
940 3186 1075 3235 circa
1098 3185 1399 3234 Hammonis
1430 3187 1692 3234 oraculum

650 3268 816 3320 erant,
850 3260 983 3324 quod
1007 3260 1206 3310 Plinius
1232 3273 1287 3309 v.
1308 3265 1358 3308 6.
1392 3259 1442 3306 ln
1466 3259 1693 3321 Cyrena-

646 3336 740 3384 icoe
762 3335 949 3385 finibus
966 3336 1125 3390 locat,
1145 3333 1455 3384 Ptolemaeus
1480 3346 1534 3382 v.
1554 3337 1603 3384 4.
1627 3333 1694 3382 sd

648 3411 1007 3462 Marmaricam
1030 3409 1247 3460 reducit.
1286 3409 1456 3456 Cellor.

654 3527 659 3531 .
712 3492 742 3552 ς
764 3493 797 3537 2
837 3489 1061 3550 Philota]
1106 3487 1289 3536 Plures
1326 3486 1377 3532 in
1414 3484 1694 3536 Alexandri

647 3563 880 3612 exercitu
914 3563 1161 3619 Philotoe,
1184 3559 1539 3607 Parmenionis
1560 3559 1695 3609 filius

648 3643 861 3698 propter
871 3633 1239 3696 conjurationis
1251 3632 1593 3693 suspicionem
1604 3633 1694 3682 lib.

647 3727 725 3761 vr.
748 3717 1011 3760 enecatus.
1044 3705 1191 3758 Alius
1209 3710 1259 3757 in
1290 3709 1694 3770 conjurationem

648 3783 915 3835 Hermolsi
928 3782 1153 3832 adscitus
1167 3785 1345 3830 viu-6.
1356 3780 1492 3829 filius
1507 3795 1694 3845 nempe

650 3859 876 3909 Carsidis
898 3857 1111 3906 Thracis
1133 3856 1334 3905 Arrian.
1359 3855 1451 3906 lib.
1476 3869 1551 3904 xv.
1586 3856 1692 3905 Ite.

650 3948 762 3983 rum
804 3932 932 3982 alius
977 3931 1199 3992 Augaeus
1226 3929 1538 3991 eeognomine
1572 3944 1622 3978 v.
1643 3935 1692 3984 2.

652 4007 732 4057 cni
779 4005 979 4056 videtur
1022 4005 1202 4053 Cilicia
1254 4003 1516 4052 destinata
1562 4019 1692 4054 esse.

654 4085 829 4134 Cellor.

714 4158 1005 4220 Antigonus]
1032 4157 1220 4206 Factus
1254 4155 1409 4206 etiam
1444 4154 1695 4206 ἐπίσκοπος

651 4234 737 4289 τῆς
766 4232 881 4291 ὅλης
908 4231 1085 4284 Ἀσίας.
1112 4232 1333 4296 Appian.
1366 4231 1535 4292 Lyciae
1572 4247 1695 4284 vero

1344 438 1553 485 NOTAE
1600 436 1996 485 vamoRUM
2047 436 2126 482 ΙΝ

1763 584 1816 625 et
1838 574 2160 635 Pamphyliae
2199 576 2452 633 satrapam
2475 582 2575 617 non
2600 569 2817 633 Antigo-

1763 665 1903 711 num,
1937 648 2028 697 sed
2068 647 2360 697 Nearchum
2394 644 2626 695 Justinus
2669 643 2815 694 facit.

1763 729 1962 777 Loccevt.

1857 802 2124 852 Menander
2175 801 2230 848 ἐκ
2281 795 2508 862 Lydiam]
2555 794 2817 844 Diodorus

1767 880 2036 941 Meleagro
2077 874 2291 940 Lydiam
2349 872 2566 922 cessisse
2618 869 2820 919 scribit.

1763 956 1960 1005 Loca-en.

1833 1026 2098 1088 Lemnio]
2111 1026 2286 1088 Nepos
2300 1024 2352 1072 in
2369 1023 2594 1071 Eumene
2608 1037 2622 1068 ι
2647 1020 2664 1049 ‘
2676 1020 2821 1069 Prae·

1765 1103 1966 1153 fecerat
1989 1118 2105 1151 eum
2130 1100 2406 1149 Perdiccas
2432 1098 2482 1146 ei
2503 1097 2637 1160 parti
2659 1096 2818 1155 Asin,

1767 1194 1880 1243 que
1903 1180 2040 1227 inter
2057 1177 2277 1225 Tantum
2301 1181 2526 1221 montem
2543 1172 2710 1233 jacet,
2743 1177 2818 1217 at-

1767 1269 1868 1318 que
1891 1254 2306 1313 Hellespontum,
2321 1256 2377 1297 et
2393 1248 2534 1296 illum
2551 1258 2708 1293 tanum
2725 1259 2821 1305 op·

1769 1334 2013 1391 posuerat
2037 1325 2307 1387 Europa-is
2329 1320 2668 1371 adversariis!
2733 1320 2818 1367 De

1769 1405 1996 1452 Eumene
2019 1401 2171 1449 sliter
2193 1400 2390 1462 Nepos,
2425 1396 2514 1445 ubi
2542 1396 2659 1443 vide
2683 1395 2818 1458 Pop-

1768 1492 1901 1527 mam
1925 1484 1982 1526 et
2011 1475 2333 1525 Lamhimun.
2363 1472 2561 1521 Loecen.

1833 1554 1910 1615 §3
1948 1551 2244 1612 Praeceptum
2285 1546 2380 1608 est]
2423 1546 2632 1609 Quippe
2675 1544 2822 1593 dicta

1769 1625 2122 1675 tantummodo
2169 1622 2384 1671 Eumeni
2429 1628 2534 1670 tum
2576 1620 2822 1683 temporis

1763 1700 2102 1764 Cappadocia
2141 1697 2260 1757 fuit,
2318 1710 2469 1761 quam
2514 1693 2680 1743 adhuc
2726 1706 2818 1741 rex

1769 1775 2068 1823 Ariarathes
2089 1772 2323 1833 tenebat,
2339 1771 2552 1821 relictus
2577 1769 2643 1819 ab
2659 1768 2817 1818 Alex-

1767 1848 1926 1897 andro
1955 1848 2118 1909 magis
2151 1846 2452 1894 necessariis
2485 1844 2634 1893 hellis
2667 1858 2819 1893 occu-

1769 1928 1922 1983 pato:
1960 1930 2141 1983 postea
2157 1933 2282 1968 vero
2306 1935 2337 1968 a
2355 1920 2612 1973 Perdicca
2627 1919 2819 1978 vietus,

1767 2002 1825 2043 ct
1864 2008 2024 2059 regno
2057 2000 2262 2049 exutus,
2307 1994 2456 2056 cujus
2491 1984 2818 2053 ιιᾱιιιίιτιὶεῑη·

1766 2069 1959 2118 tionem
1987 2070 2244 2117 Eumenes
2267 2068 2556 2118 Cardianus
2593 2068 2818 2129 accepit.

1769 2143 1987 2193 Diodor.
2027 2154 2190 2192 xvtu.
2227 2146 2308 2191 16.
2356 2142 2536 2205 Nepos
2571 2142 2820 2191 Eumene.

1769 2218 1942 2267 cellar.

1835 2297 1957 2343 Cam
1977 2294 2182 2357 Arbace]
2217 2295 2322 2343 Cur
2345 2294 2598 2357 Eumenes
2631 2292 2818 2341 bellum

1769 2383 1885 2418 cum
1909 2370 2108 2419 Arbate
2133 2373 2354 2431 gereret,
2381 2376 2434 2416 et
2457 2368 2592 2415 solus
2615 2367 2818 2415 detrec·

1771 2451 1905 2496 taret
1921 2445 2209 2508 imperium,
2246 2442 2550 2492 Plutarchus
2577 2454 2812 2490 caussam

1767 2521 1900 2569 hane
1921 2518 2102 2580 refert,
2125 2519 2258 2582 qnod
2281 2531 2394 2566 cum
2419 2516 2744 2580 Cappadocia
2765 2516 2818 2564 ei

1768 2595 2026 2650 cessisset.
2041 2601 2096 2642 et
2118 2593 2466 2656 Paphlagonia
2487 2595 2614 2641 mari
2639 2591 2818 2639 Ponti·

1767 2683 1832 2716 co
1845 2669 2076 2730 subjecta
2091 2668 2421 2729 Trapezunte
2437 2675 2675 2726 tenus,ea
2695 2675 2819 2713 tune

1765 2745 1817 2791 in
1841 2743 2181 2792 Macedonum
2205 2740 2399 2789 ditione
2421 2741 2646 2788 nonduin
2667 2747 2782 2787 erat
2800 2756 2816 2786 z

1767 2817 1860 2866 sed
1909 2829 2119 2878 regnum
2153 2815 2262 2877 ejus
2301 2813 2566 2862 obtinebat
2607 2813 2814 2860 Ariara-

1767 2893 1909 2939 thes:
1945 2899 2063 2952 post
2082 2898 2249 2937 tamen
2269 2888 2547 2951 aliquanto,
2560 2894 2815 2950 praesente

1765 2972 1819 3013 et
1843 2963 2056 3012 ductore
2093 2961 2367 3019 Perdicca,
2403 2961 2490 3009 ille
2531 2961 2818 3024 provincias

1765 3039 1968 3101 subegit
1999 3043 2155 3099 capto
2179 3035 2474 3095 Ariarathe,
2499 3049 2649 3098 quem
2685 3037 2814 3084 Cur-

1771 3115 1872 3165 tius
1897 3113 2142 3162 Arbatem
2177 3111 2426 3159 nominat.
2493 3111 2624 3158 Vide
2655 3110 2817 3160 Justi-

1768 3202 1888 3238 num
1923 3188 2011 3238 lib.
2035 3199 2162 3235 xm.
2198 3193 2255 3234 et
2277 3185 2612 3235 Plutarchum
2635 3184 2685 3232 in
2711 3185 2815 3232 En-

1770 3277 1939 3324 mene,
1995 3261 2129 3325 apud
2176 3273 2330 3318 quem
2375 3274 2650 3324 perperam
2699 3260 2817 3308 Ari-

1771 3338 2050 3388 obarzanes
2120 3349 2215 3400 pro
2269 3335 2544 3386 Ariarathe
2611 3336 2814 3399 legitur.

1770 3415 1971 3477 Popmc.

1835 3492 1864 3552 ᾧ
1887 3494 1918 3537 4
1947 3487 2132 3550 Python
2153 3483 2388 3543 Mediam]
2411 3484 2631 3532 AElianns
2655 3485 2722 3533 V.
2742 3485 2813 3533 H.

1771 3562 1861 3611 lib.
1883 3574 1959 3608 tv.
1979 3556 2138 3606 refert
2158 3556 2508 3604 Alexandrum
2542 3556 2816 3606 Ptolemoei

1769 3633 2135 3683 dexteritatem
2199 3629 2431 3680 habuisse
2487 3639 2778 3692 suspectam
2797 3647 2814 3680 ε

1768 3707 1910 3761 Arrii
1933 3704 2375 3765 turbulentiam,et
2390 3706 2636 3768 Pythonis
2661 3721 2813 3756 nova·

1770 3797 1880 3831 rum
1905 3795 2072 3830 rerum
2092 3780 2316 3832 studium
2339 3782 2588 3832 timuisse.
2643 3783 2814 3844 Igitur

1768 3857 2076 3918 Antigonus,
2093 3857 2176 3920 qni
2195 3857 2404 3920 Lyciam
2425 3871 2538 3906 cnm
2557 3858 2812 3920 Pamphy-

1768 3933 1838 3982 lia
1859 3941 1912 3982 et
1934 3934 2127 3997 majore
2161 3935 2388 3996 Phrygia
2419 3933 2664 3996 obtinuit,
2695 3951 2810 3985 cum

1769 4010 2085 4071 intelligeret
2145 4009 2432 4072 Pythonem
2486 4010 2810 4072 peregrinum

1769 4086 2052 4134 exercitum
2089 4082 2429 4142 conscribere,
2452 4094 2506 4131 et
2539 4096 2696 4132 novas
2729 4095 2810 4130 res

1769 4159 1969 4217 moliri;
2003 4163 2062 4205 ut
2085 4156 2397 4219 opprimeret
2429 4157 2710 4213 incautum,
2740 4158 2809 4203 si·-

1769 4233 1998 4284 mulsbat
2025 4246 2082 4281 se
2103 4230 2256 4280 fldem
2278 4245 2380 4279 non
2419 4233 2607 4281 hahere
2639 4232 2810 4280 nunti,
