3222 4944
542 351 715 419 1610
1199 362 1587 415 nncnrrsus
1639 360 2075 413 nnrrronum

632 536 780 597 1701
829 530 1230 614 Argentora'ti.
1259 537 1321 595 4.
1352 536 1449 597 Jo.
1482 534 1672 597 Henr.
1703 533 1950 595 Boeeleri
1983 531 2275 611 Excerpta
2297 526 2757 601 Curtianan-—ln

544 633 737 714 ejusd.
767 630 1113 693 Dissertatt.
1144 631 1336 694 Acad.
1366 633 1682 714 Argentor.
1719 635 1896 694 1701.
1921 632 2096 693 Torn.
2131 648 2211 690 ιι.
2239 646 2304 708 p.
2331 629 2474 689 653.
2504 647 2640 709 sqq.

633 732 788 791 1702
830 728 1284 794 Arnstelodami.
1332 732 1427 792 12.
1472 750 1529 793 e.
1576 751 1640 793 n.
1687 730 1776 790 M.
1823 728 2011 791 Andr.
2065 724 2339 801 stubam,
2387 725 2498 787 sed
2541 726 2764 788 omisso

543 828 803 893 auctoris
832 828 1093 889 nomine.

640 927 795 987 1703
836 925 1113 1007 Lugduni
1144 927 1275 987 Bat-
1300 926 1361 988 8.
1404 921 1539 990 Jac.
1564 927 1852 988 Perizonii
1874 925 1952 994 Q.
1981 926 2226 988 Curtius
2249 926 2444 988 Rufus
2461 924 2767 985 restitutus

546 1017 609 1085 in
637 1023 955 1103 integrum,
982 1036 1043 1084 et
1060 1022 1397 1085 vindicatus
1425 1043 1462 1084 a
1490 1024 1667 1085 variis
1691 1024 2193 1101 accusationibus,
2223 1028 2340 1087 «Sue.
2397 1024 2499 1085 Jo.
2529 1018 2768 1084 Clerici.

550 1119 745 1201 Lngd.
775 1119 849 1181 B.
878 1139 974 1200 ap.
1005 1120 1194 1184 Henr.
1224 1121 1498 1201 Teering.

639 1219 799 1279 1704
840 1218 1136 1279 Coloniae.
1171 1221 1265 1279 12.
1294 1220 1422 1279 sine
1452 1220 1632 1280 notis.

634 1348 717 1363 ·-
756 1313 1027 1375 Colonioe
1058 1315 1296 1377 Munat.
1326 1315 1571 1393 (Basil.)
1601 1316 1700 1377 12.
1723 1334 1856 1377 eum
1887 1314 2195 1396 supplem.
2221 1326 2284 1375 et
2305 1312 2507 1375 Indice
2534 1308 2774 1391 triplici.

557 1411 779 1474 Acced.
811 1412 1121 1475 Plutarch.
1149 1413 1225 1474 de
1257 1413 1378 1472 vita.
1405 1426 1469 1473 et
1496 1412 1632 1473 fort.
1663 1411 1852 1479 Alex.

644 1510 801 1569 1705
843 1508 1123 1571 Londini.
1169 1512 1226 1569 8.
1273 1510 1353 1579 Q.
1384 1509 1578 1569 Curtii
1621 1508 1762 1569 Rufi
1790 1507 1867 1568 de
1896 1509 2072 1568 rebus
2115 1508 2302 1588 gestis
2329 1504 2652 1566 Alexandri
2681 1504 2774 1564 M.

557 1605 710 1679 libri,
752 1624 887 1667 cum
916 1606 1357 1687 Supplementis
1388 1604 1800 1667 Freinshemii.
1885 1604 2375 1685 interpretatione
2416 1612 2480 1663 et
2505 1601 2665 1664 notis
2699 1601 2774 1661 il·-

554 1704 833 1763 lustravit
863 1702 1123 1763 Michael
1170 1702 1227 1763 le
1254 1702 1495 1776 Tellier,
1527 1702 1704 1781 jussu
1753 1700 2250 1763 christianissimi
2275 1700 2456 1780 regis,
2497 1700 2560 1759 in
2601 1718 2776 1760 usum

561 1802 695 1861 Ser.
728 1798 1034 1879 Delphini.
1066 1799 1259 1860 Lond.
1304 1799 1587 1880 impensis
1619 1800 1693 1859 A.
1723 1810 1786 1861 et
1813 1799 1850 1860 J
1860 1840 1876 1861 .
1905 1796 2627 1877 Churchill.-—Repetitio
2653 1796 2780 1861 edi-

562 1895 741 1956 tionis
771 1894 963 1957 Paris.
998 1896 1175 1955 1678.

648 1994 800 2051 1708
848 1992 1058 2073 Lipsioe
1082 2006 1144 2054 et
1169 1993 1453 2073 Coburgi.
1486 1996 1544 2053 8.
1567 2014 1626 2054 c.
1656 2013 1718 2054 n.
1748 1992 1891 2056 chr.
1920 1994 2228 2059 Junckeri.

640 2124 722 2135 --
768 2088 1101 2169 Ultrajecti.
1134 2092 1190 2152 8.
1222 2089 1431 2152 Pitisci
1451 2090 1553 2153 ed.
1585 2110 1664 2151 11.
1697 2109 1794 2151 an.
1829 2091 2010 2153 1693.
2029 2107 2166 2151 cum
2189 2111 2345 2156 nova
2365 2094 2520 2155 tituli
2535 2094 2777 2173 pagina.

644 2220 723 2237 -ο
767 2186 961 2266 Hagae
993 2186 1314 2249 Comitum.
1347 2190 1404 2248 8.
1450 2187 1528 2256 Q.
1552 2186 1743 2249 Curtii
1769 2185 1909 2247 Rufi
1938 2186 2278 2249 Alexander
2307 2190 2398 2253 Μ.
2427 2202 2489 2251 et
2514 2192 2574 2250 in
2609 2189 2777 2251 illum

563 2284 1042 2345 Commentarius
1076 2284 1371 2345 Samuelis
1402 2284 1630 2346 Pitisci.
1720 2282 1922 2345 Editio
1949 2290 2144 2351 tertia.
2178 2287 2372 2369 Hagae
2401 2288 2574 2349 Corn.
2618 2286 2778 2371 apud

563 2382 807 2442 Petrum
836 2399 953 2441 van
981 2379 1156 2443 Thol.

649 2480 805 2540 1710
846 2478 1111 2540 Parisiis.
1148 2481 1240 2540 12.

652 2578 801 2636 1711
853 2575 1089 2658 Lipsiae.
1127 2578 1224 2635 12.
1266 2577 1480 2657 Repet.
1524 2577 1623 2637 ed.
1651 2575 1894 2637 Cellarii
1931 2578 2106 2641 1688.
2149 2580 2246 2640 cui
2275 2579 2521 2641 editioni
2551 2597 2690 2639 suas
2719 2579 2780 2639 in

562 2674 819 2736 tironum
848 2693 996 2734 usus
1022 2683 1199 2734 notas
1230 2672 1501 2752 adjunxit
1530 2673 1676 2733 Chr.
1707 2673 2171 2753 Schoettgenius.

648 2774 805 2832 1⁷12
844 2771 1228 2849 Rothornagi.
1275 2772 1334 2830 8.

645 2903 726 2920 ..-
769 2865 1048 2928 Hildesii.
1087 2869 1181 2925 12.

646 2999 728 3012 -
771 2965 963 3023 Jenoe.
1002 2966 1063 3022 8.
1107 2962 1459 3044 Christoph.
1491 2965 1652 3044 Aug.
1698 2967 2039 3029 Heumanni
2089 2967 2437 3030 Hebdomas
2479 2968 2786 3030 Curtinna.

566 3063 719 3122 -ln
750 3057 947 3139 ejusd.
977 3055 1253 3138 Parergis
1271 3058 1527 3122 Criticis.
1557 3062 1750 3126 Jenoe.
1789 3068 1966 3126 1712.
1995 3084 2056 3146 p.
2089 3065 2392 3126 94—106.

654 3160 809 3218 1714
852 3155 1090 3236 Lipsiae‚
1118 3175 1253 3216 cum
1282 3158 1442 3219 notis
1472 3158 1549 3219 ad
1581 3161 1822 3222 modum
1853 3161 2125 3224 Minellii.

655 3257 812 3315 1715
856 3254 1139 3333 Coburgi.
1170 3257 1229 3317 8.
1275 3274 1408 3316 cum
1439 3259 1596 3317 notis
1628 3257 1776 3320 Chr.
1807 3259 2110 3320 Junckeri.

622 3419 639 3430 ·
657 3352 814 3412 1716
856 3351 1133 3412 Londini.
1170 3352 1265 3413 12.
1292 3351 1371 3422 Q.
1396 3352 1586 3413 Curtii
1619 3353 1695 3415 de
1725 3357 1900 3417 rebus
1923 3357 2110 3436 gestis
2140 3353 2467 3415 Alexandri
2495 3352 2586 3415 M.
2609 3353 2790 3416 Libri.

571 3450 765 3511 Lond.
804 3469 879 3510 ex
920 3449 1161 3508 officina
1200 3449 1335 3508 Jae.
1362 3449 1607 3511 Tonson
1651 3462 1712 3513 et
1739 3453 1882 3515 Joh.
1917 3451 2434 3515 Watts.——Editor
2471 3461 2568 3512 est
2595 3451 2782 3514 Mieh.

572 3543 896 3616 Mainake,
938 3545 1041 3622 qui
1079 3546 1375 3606 variantes
1404 3547 1692 3610 lectiones
1722 3569 1796 3610 ex
1821 3549 2151 3612 Veronensi
2180 3548 2388 3611 codiee
2415 3569 2574 3612 anno
2609 3550 2788 3610 1491.

566 3635 855 3723 impresso
881 3640 1187 3719 praemisit.

663 3739 818 3797 1718
862 3737 1121 3815 August.
1151 3736 1330 3800 Vind.
1362 3741 1421 3800 8.
1450 3758 1587 3800 cum
1620 3743 1777 3804 notis
1805 3742 2172 3806 Germanicis
2203 3742 2334 3806 Em.
2361 3743 2616 3806 Sinceri.

662 3835 820 3894 1720
864 3831 1114 3906 Eadem,
1142 3833 1286 3894 ibid.
1318 3837 1377 3894 8.
2555 3909 2564 3918 ,

664 3933 813 3992 1721
863 3929 1099 4010 Lipsiae.
1148 3931 1243 3990 12.
1288 3930 1369 4001 Q.
1397 3931 1589 3994 Curtii
1633 3934 1770 3996 Rufi
1798 3936 1874 3997 de
1904 3938 2081 3998 rebus
2111 3938 2299 4016 gestis
2328 3935 2655 3998 Alexandri
2697 3935 2788 3998 M.

574 4029 823 4089 historia
852 4039 1174 4109 superstes.
1259 4029 1722 4111 Christophorus
1752 4033 2047 4095 Cellarius
2074 4034 2394 4104 recensuit,
2438 4034 2606 4095 novis
2638 4033 2793 4114 Sup-

581 4127 917 4206 piencuria,
960 4125 1433 4200 Commentariis,
1464 4128 1796 4205 indicibus,
1837 4141 1898 4192 et
1925 4133 2146 4192 tabulis
2180 4131 2598 4212 geographicis
2626 4129 2793 4190 illus-
