3222 4944
598 402 771 465 1146
1304 414 1521 463 reo-ras
1567 415 1972 465 namnum
2023 418 2100 468 m

604 574 695 609 nes
718 564 973 608 testantur
1007 556 1307 607 Alexandro
1341 556 1660 619 periclitanti

603 633 885 683 adstitisse.
924 632 1230 682 Plutarchus
1252 645 1370 695 cap.
1396 636 1508 681 110.
1562 631 1660 680 Ar-

605 709 733 757 rian.
757 722 835 757 νι.
858 713 907 758 2.
931 712 1011 757 12.
1050 708 1421 757 moder-xvir.
1439 712 1521 758 00.
1571 710 1660 758 De

600 785 865 834 Leonnato
888 797 992 831 non
1014 798 1190 832 omnes
1214 783 1565 844 consentiunt,
1601 790 1659 831 ut

601 873 700 907 nec
723 858 790 907 de
815 857 987 907 Abrea
1012 857 1281 921 Duplario.
1352 859 1431 907 De
1458 856 1660 906 Aristo-

600 947 671 982 no
710 934 851 982 nulla
896 934 1033 996 apud
1080 933 1203 981 allos
1236 933 1429 981 mentio
1466 934 1517 981 in
1561 934 1658 982 hoc

601 1008 883 1058 Alexandri
927 1008 1244 1069 discrimine,
1289 1008 1479 1071 alioqui
1524 1008 1659 1058 inter

600 1086 791 1149 primos
834 1087 993 1135 etiam
1037 1085 1319 1135 Alexandri
1360 1085 1535 1145 duces,
1568 1088 1658 1149 qui

602 1162 738 1211 infra
762 1174 814 1210 x.
840 1166 890 1211 6.
917 1165 994 1210 16.
1030 1162 1097 1210 de
1120 1160 1347 1210 creando
1370 1175 1491 1223 rege
1526 1161 1660 1210 dixit

600 1238 927 1285 sententiam.
954 1237 1183 1287 Rudms.
1239 1236 1489 1284 Peucestes
1512 1236 1659 1284 Alex·

601 1311 739 1359 andri
778 1311 952 1371 Magni
988 1316 1200 1359 servator
1228 1311 1345 1359 binc
1368 1311 1662 1373 appellatur

602 1386 773 1435 Plinio
812 1398 1018 1435 xxxiv.
1050 1391 1099 1435 8.
1122 1390 1205 1434 23.
1273 1386 1515 1435 Meminit
1548 1387 1659 1449 ejus

605 1462 760 1511 solius
782 1463 835 1511 in
856 1464 955 1512 boc
978 1464 1187 1523 negotio
1209 1462 1444 1513 Julianus
1468 1462 1519 1510 in
1544 1462 1660 1511 Cae-

605 1538 824 1588 saribus.
867 1536 1083 1587 Freinsh.

674 1614 886 1674 Vestigia
906 1627 1188 1676 persequens
1207 1612 1361 1676 regis]
1423 1614 1660 1663 Peccant

602 1689 655 1737 iu
699 1689 1037 1738 distinctione
1080 1689 1198 1736 libri
1245 1690 1461 1749 vulgati,
1500 1698 1553 1737 et
1587 1691 1660 1737 le-

602 1770 750 1825 gunt,
791 1762 917 1809 muri
967 1761 1175 1820 vestigia
1218 1775 1515 1823 persequens,
1554 1764 1662 1823 regi

602 1837 871 1899 supervenit
890 1852 911 1892 ‚·
950 1836 1000 1883 in
1020 1835 1247 1898 speciem
1272 1846 1436 1899 recte,
1458 1852 1511 1885 re
1538 1850 1660 1887 vera

604 1914 839 1975 pessime.
872 1912 1083 1961 Medius.
1305 1956 1311 1961 .

646 1987 809 2035 -Msm'
858 1984 1086 2047 vestigia]
1172 1986 1349 2048 Forte,
1416 1988 1660 2049 Postigia.

602 2061 870 2110 Heinsius.
940 2061 1154 2122 Optime
1182 2060 1445 2123 Heinsius,
1462 2062 1657 2123 cred03

541 2119 561 2139 ⁸
602 2150 718 2183 nanu
744 2135 817 2183 sie
841 2148 925 2183 xx.
946 2140 999 2183 4.
1022 2138 1105 2183 30.
1135 2150 1335 2185 murum
1360 2136 1659 2201 descripsit,

603 2210 781 2274 ‘enjus
804 2224 994 2260 corona
1018 2211 1268 2273 angusta’
1308 2210 1534 2276 quidem,
1566 2214 1658 2261 sed

600 2289 617 2316 ‘
636 2302 735 2336 non
767 2290 937 2350 pinuae
959 2288 1088 2336 sicut
1114 2288 1236 2337 alibi
1260 2288 1524 2351 fastigium
1543 2289 1658 2353 ejus

602 2360 984 2411 distinxerant!
1018 2362 1172 2411 Saok-

666 2439 694 2502 ς
722 2442 779 2486 15
815 2438 996 2487 Mortis
1022 2436 1268 2499 solatium]
1304 2436 1538 2502 Pergunt
1568 2438 1660 2488 im-

602 2513 789 2576 pressi,
824 2513 967 2562 mor-ti
1000 2513 1222 2562 solatium
1241 2514 1562 2577 supervenisse
1583 2529 1666 2564 ru-

602 2595 713 2645 εισι,-
738 2596 795 2637 et
832 2603 951 2636 mox
992 2603 1085 2651 pro
1117 2589 1330 2650 subinde,
1365 2590 1493 2638 subit
1513 2590 1624 2638 hinc
1642 2606 1661 2648 ,-

603 2677 664 2712 ac
687 2663 860 2726 paullo
896 2671 1014 2727 post
1036 2664 1145 2711 hiae
1183 2675 1275 2725 pro
1305 2663 1445 2711 huic.-
1469 2665 1662 2726 omnia,

602 2746 663 2786 ut
722 2740 879 2786 verbo
923 2739 1205 2797 absolvam,
1244 2738 1392 2786 niale.
1448 2739 1660 2788 Medius.

601 2811 835 2872 Subinde]
868 2811 1165 2876 Utcumque
1200 2811 1265 2861 de
1302 2813 1414 2862 aliis
1442 2813 1528 2861 alii
1555 2823 1659 2864 sta-

604 2894 771 2948 tuent,
792 2887 915 2936 mihi
944 2901 1045 2936 non
1076 2887 1377 2936 mutandum
1401 2887 1558 2937 fuisse
1584 2890 1659 2938 vi-

604 2960 757 3008 detur
778 2961 904 3008 hinc.
982 2959 1049 3008 At
1074 2963 1364 3023 tergemina
1386 2962 1487 3010 ista
1512 2964 1658 3013 verbi

599 3035 869 3096 supervenit
892 3035 1140 3097 repetitio
1164 3049 1245 3085 me
1267 3034 1500 3088 offendit.
1542 3039 1658 3088 Aci:

602 3109 769 3158 dalius.

671 3185 906 3234 Timoeus:
946 3189 991 3235 et
1032 3187 1188 3248 paullo
1220 3192 1327 3250 post
1358 3187 1657 3240 Leonnatus

600 3259 712 3308 hinc
753 3259 1030 3324 Aristonus]
1092 3259 1341 3311 Arrianus
1380 3261 1559 3313 Timoei
1600 3273 1658 3314 et

602 3335 836 3385 Aristoni
873 3351 971 3386 non
1011 3339 1260 3395 meminit,
1304 3338 1394 3387 sed
1433 3339 1657 3391 Peuces·

600 3419 726 3470 tem,
756 3411 985 3476 Alceam,
1006 3420 1062 3463 et
1086 3415 1424 3470 Leonnatum.
1458 3416 1543 3478 qui
1566 3431 1656 3466 an·

601 3496 807 3549 tequam
849 3491 1001 3536 scalae
1042 3483 1422 3552 rumperentur,
1458 3491 1509 3538 in
1545 3507 1656 3540 mu·

601 3573 717 3608 rum
754 3566 1041 3623 evaserant,
1076 3561 1255 3622 refert,
1292 3577 1407 3612 sese
1444 3577 1473 3612 e
1510 3579 1656 3615 muro

599 3636 652 3682 in
678 3633 873 3693 urbem,
895 3649 998 3698 qua
1024 3648 1195 3698 regem
1214 3646 1529 3698 prostratum
1546 3655 1655 3691 cer·

600 3707 814 3762 nebant,
836 3707 1138 3769 conjecisse.
1207 3713 1512 3762 Plutarchus
1536 3729 1656 3766 auc-

602 3791 688 3832 tor
711 3788 810 3842 est,
848 3781 1197 3831 Alexandrum
1231 3786 1431 3836 duobus
1456 3797 1653 3839 tantum

602 3856 903 3905 comitatum
962 3857 1230 3919 armigeris
1286 3860 1543 3912 Peuceste
1598 3872 1654 3914 et

598 3933 866 3995 Lymnoeo,
883 3943 1035 3994 quern
1062 3931 1272 3981 Curtius
1294 3933 1547 3985 Timaeum
1568 3953 1654 3988 vo·

600 4014 707 4066 cat,
744 4005 882 4054 intra
900 4005 1090 4054 moenia
1111 4004 1317 4056 fortiter
1339 4016 1519 4058 contra
1540 4012 1654 4061 bar·

600 4083 752 4132 beros
776 4080 1060 4130 dimicasse.
1094 4081 1293 4144 Popmo.
1378 4084 1652 4151 Aristonus]

596 4158 892 4219 Ἀριστόνους
912 4154 1137 4206 Πεισαίου
1156 4161 1409 4208 Πελλαῖος.
1447 4160 1652 4211 Arrian-

602 4245 678 4280 vr.
702 4239 749 4282 ⁵.
774 4237 823 4282 0.
868 4231 957 4282 ubi
981 4233 1119 4283 inter
1156 4235 1389 4298 corporis
1412 4237 1652 4288 custodes

1733 564 2050 609 numeratur.
2095 557 2251 621 Apud
2269 556 2584 607 Sabellicum
2611 558 2792 609 vitiose

1733 634 1750 661 ‘
1768 632 2098 683 Aristonius.’
2163 634 2416 682 Diversus
2441 633 2508 684 ab
2529 632 2628 682 hoc
2646 633 2794 684 Aris·-

1735 717 1824 757 ton
1862 710 2110 757 Paeonum
2145 708 2426 772 praefectus
2460 723 2616 771 supra
2639 724 2715 760 tv.
2739 716 2792 761 9.

1732 788 1815 833 24.
1885 785 2238 847 compositum
2274 798 2456 833 nomen
2492 794 2672 846 est,nt
2695 792 2792 834 ns-

1731 858 2000 921 ymaro-n,
2041 861 2308 909 Plutarch.
2349 860 2515 909 Arato
2549 874 2664 923 cap.
2706 865 2794 909 51.

1732 936 1928 983 Eodem
1963 935 2170 983 nomine
2193 936 2473 983 statuarius
2493 936 2630 998 apud
2655 937 2791 985 Pau-

1733 1023 1842 1058 san.
1865 1024 1980 1073 pag.
2007 1014 2122 1059 832.
2145 1013 2228 1059 20.
2265 1010 2486 1060 Fra-insa.

1797 1086 1912 1146 §16
1945 1084 2178 1147 Timoeas]
2235 1085 2517 1134 Plutarcho
2539 1098 2650 1147 cap.
2679 1088 2794 1134 110.

1732 1166 1814 1207 est
1857 1162 1872 1185 ⁸
1904 1159 2200 1215 Limnoem:
2243 1169 2298 1208 et
2339 1160 2493 1209 Orat.
2535 1158 2602 1207 de
2645 1160 2792 1208 Fort.

1733 1232 1884 1283 Alex.
1913 1248 1974 1284 u.
1994 1222 2074 1284 20.
2099 1242 2114 1264 ·
2134 1236 2436 1284 Lemnaeus.'
2471 1235 2688 1285 Freinsls.

1799 1309 1828 1369 ς
1855 1311 1918 1355 18
1949 1307 2246 1357 Submissi-ut
2265 1307 2500 1372 clypeum]
2522 1312 2538 1337 ⁸
2559 1307 2794 1358 Palladis

1734 1382 1915 1431 Iliacae
1955 1393 2104 1433 actito
2135 1384 2430 1446 interjecto,
2463 1396 2634 1447 regem
2674 1397 2791 1445 pro-

1739 1458 1976 1519 texerat‚’
1998 1458 2206 1509 Arrian.
2231 1473 2310 1508 vt.
2336 1462 2383 1507 2.
2405 1464 2452 1508 8.
2477 1468 2529 1507 et
2552 1462 2630 1507 1³.
2679 1460 2790 1508 De-

1737 1540 1972 1583 traxerat
2027 1534 2077 1582 id
2120 1535 2314 1597 templo
2357 1535 2627 1593 Minervas,
2670 1546 2790 1582 eum

1735 1610 1954 1671 primum
1979 1612 2027 1659 iu
2051 1611 2204 1659 Ilium
2239 1610 2487 1659 venisset.
2529 1610 2728 1659 Arriau.
2753 1624 2791 1659 ι.

1734 1690 1782 1731 5.
1807 1688 1856 1732 9.
1924 1686 2166 1733 Ceterum
2191 1683 2597 1741 festinabundus,
2619 1692 2678 1733 ut
2699 1698 2790 1747 ap·

1736 1769 1905 1821 paret,
1925 1759 2231 1821 Sabellicus,
2258 1774 2321 1807 ex
2356 1762 2452 1809 hoe
2485 1761 2651 1810 Curtii
2675 1762 2790 1810 loco

1735 1835 1868 1882 male
1891 1835 2178 1893 intellecto,
2200 1834 2411 1896 scripsit
2433 1848 2447 1881 e
2485 1834 2716 1883 ‘Timaeo
2733 1842 2790 1883 et

1735 1908 1995 1957 Peuceste
2034 1907 2362 1968 cadentibus,
2400 1907 2529 1957 duos
2565 1908 2790 1971 reliquos

1735 1984 1966 2046 graviter
1989 1983 2316 2033 vulneratos!
2385 1984 2480 2032 Cui
2506 1993 2678 2033 tamen
2701 1998 2790 2033 eo·

1736 2058 1852 2107 dem
1878 2059 2010 2107 libro
2031 2060 2082 2106 in
2107 2058 2470 2108 distributione
2500 2060 2794 2122 provincia-

1735 2147 1846 2182 rum
1871 2144 1989 2197 post
2017 2134 2297 2183 Alexandri
2327 2140 2540 2183 mortem
2565 2134 2790 2198 Babylo·

1735 2210 1845 2259 nio·
1867 2210 2100 2259 evenisse
2122 2209 2302 2260 tradit.
2341 2208 2560 2260 steina.

1800 2288 1828 2349 ς
1853 2290 1917 2335 19
1955 2286 2218 2336 Terruisset
2239 2286 2380 2349 alios]
2422 2286 2555 2335 Vide
2578 2286 2790 2335 Gruter.

1733 2360 1972 2411 Discurs.
1999 2361 2064 2410 ad
2088 2363 2254 2411 Tacit.
2275 2376 2388 2425 cap.
2413 2365 2492 2411 11.
2533 2362 2754 2411 ΡνείιιεΙι.

1799 2436 2015 2486 Pericula·
2055 2436 2227 2500 omnis]
2274 2436 2458 2500 Aptius
2486 2437 2600 2499 hoc,
2635 2449 2787 2502 qnam

1734 2526 1907 2574 omnes,
1927 2512 2064 2576 quod
2085 2514 2238 2573 vulgo
2261 2521 2361 2562 est.
2399 2513 2611 2562 Medius.

1803 2587 1915 2649 §21
1958 2585 2286 2649 Ptolemaiou]
2339 2585 2672 2649 Appellatum
2696 2591 2793 2638 zu·

1732 2663 1871 2725 τῆρα,
1895 2670 2233 2724 servatorem,
2259 2662 2398 2724 quod
2422 2675 2594 2725 regern
2616 2662 2791 2726 objec-

1737 2743 1790 2786 to
1817 2743 1964 2786 scuto
1999 2737 2324 2799 protexisset.
2389 2737 2682 2800 Stephanus
2720 2738 2787 2786 de

1735 2812 1950 2862 urbibus
1974 2813 2022 2860 iu
2052 2826 2175 2861 voce
2197 2811 2485 2876 Ὀξυδράκαι.
2517 2813 2788 2863 Loca-euius.

1734 2888 2067 2951 Ptolemaeus]
2099 2889 2114 2914 ‘
2136 2887 2200 2936 In
2231 2903 2294 2937 eo
2328 2895 2500 2938 autem
2523 2889 2788 2953 praecipue

1734 2963 1854 3011 mibi
1877 2977 2078 3012 errasse
2115 2963 2368 3028 videntur,
2391 2965 2479 3026 qui
2504 2965 2788 3015 Alexandri

1734 3053 1817 3087 res
1835 3039 2276 3102 conscripserunt,
2293 3041 2428 3104 quod
2447 3041 2786 3091 Ptolemaeusn
2846 3065 2854 3072 ·

1735 3111 1861 3176 Lagi
1899 3114 1958 3163 F.
1989 3128 2092 3162 una
2114 3127 2231 3163 eum
2254 3113 2550 3164 Alexandro
2571 3124 2624 3164 et
2649 3116 2790 3165 Peu-

1735 3195 1880 3242 cesta
1915 3189 2104 3237 scalam
2143 3191 2504 3240 conscendisse
2537 3189 2790 3253 scribant,

1729 3263 2099 3327 jacentemque
2145 3264 2352 3327 objecto
2385 3272 2534 3315 scuto
2579 3275 2786 3328 protex-

1734 3338 1854 3392 isse,
1895 3333 2112 3402 ideoque
2153 3339 2492 3390 Ptolemaeum
2535 3341 2788 3404 Soterem,

1735 3411 1784 3460 id
1811 3419 1910 3474 est,
1929 3421 2262 3475 servatorem,
2280 3429 2310 3462 a
2331 3415 2578 3463 militibus
2608 3417 2787 3478 appel-⁶

1735 3486 1894 3536 latum
1943 3488 2127 3537 fuisse:
2179 3501 2332 3548 quum
2371 3489 2562 3550 alioqui
2606 3490 2788 3538 Ptole-

1734 3577 1892 3612 maeus
1937 3565 2048 3626 ipse
2085 3562 2297 3620 scribat,
2337 3577 2394 3611 se
2437 3563 2552 3611 huic
2598 3577 2783 3626 pugnae
2846 3567 2858 3574 '

1735 3649 1834 3684 non
1869 3637 2156 3686 interfuisse
2173 3653 2195 3695 ε,
2225 3637 2315 3684 sed
2349 3651 2412 3686 eo
2443 3644 2676 3700 tempore
2699 3653 2787 3688 eo-

1736 3715 1938 3774 piarum
1962 3713 2148 3762 ducem
2171 3711 2232 3761 ad
2243 3725 2414 3760 versus
2437 3713 2564 3761 alios
2599 3713 2788 3763 barba·

1735 3799 1816 3835 ros
1851 3787 2139 3850 pugnasse‚'
2177 3788 2380 3836 Arriau.
2421 3800 2500 3837 vs.
2523 3791 2572 3836 2.
2592 3793 2670 3838 23.
2698 3790 2786 3838 ubi

1732 3869 1908 3911 monet
1931 3862 2228 3924 historicos,
2249 3870 2308 3911 ut
2331 3862 2502 3915 sintin
2523 3863 2785 3934 tradendis

1733 3935 1886 3984 rebus
1907 3937 2278 4000 diligentiores.
2347 3936 2418 3985 At
2436 3939 2571 3987 enirn
2593 3939 2784 3989 Pausa-

1730 4011 1839 4060 nias
1863 4013 1914 4060 in
1937 4011 2131 4062 Atticis
2160 4028 2282 4077 pag.
2317 4018 2398 4063 10.
2430 4013 2589 4063 tradit
2609 4014 2786 4063 Ptole-

1731 4101 1914 4135 maeum
1949 4089 1964 4115 ⁸
1989 4086 2286 4137 Alexandro
2309 4089 2360 4134 in
2386 4088 2676 4152 Oxydraeis
2695 4101 2784 4148 pe-

1731 4161 1978 4210 riclitanti
2025 4177 2132 4224 prm
2181 4165 2382 4210 cunctis
2433 4164 2566 4225 regis
2609 4161 2784 4209 amicis

1731 4237 1922 4286 auxilio
1960 4234 2150 4288 fuisse?
2185 4237 2426 4288 Reda-us.
2493 4237 2784 4302 Stephanus
