3222 4944
609 376 779 441 1432

610 532 738 581 risu.
762 544 811 579 v.
835 534 883 578 8.
908 531 956 578 1.
1010 526 1199 577 Strabo
1232 525 1331 576 libr
1353 526 1475 589 xv.)
1508 524 1654 575 Grae-

596 606 685 655 .cis
710 604 832 666 νίκη,
848 602 1064 652 victor-im
1129 600 1419 663 Stephanus
1439 598 1541 661 περὶ
1564 598 1657 649 Πό-

610 690 733 731 λεσιν
753 688 873 730 octo
888 679 1215 741 cognomines
1234 676 1280 726 N
1286 676 1437 726 icaeas
1449 690 1658 725 enunie-

502 826 509 833 .
610 762 713 806 rat.
747 756 983 804 Redem-

674 827 998 891 limpsana]
1049 826 1151 875 Seu
1202 825 1524 889 Bucephalas,
1565 838 1660 875 sen

600 904 925 968 Bucephalos,
942 916 1033 953 seu
1058 900 1373 963 Bucephalas,
1390 914 1481 949 seu
1504 898 1660 948 Baes-

602 978 815 1042 μισῶσι
836 979 973 1029 varie
994 976 1239 1039 scriptam
1268 976 1513 1039 reperies.
1546 976 1661 1024 Ste-

610 1055 809 1117 phanus
841 1051 1192 1114 Βουκεφάλαν
1220 1050 1437 1101 scribit.
1474 1050 1661 1100 Strabo

609 1127 703 1178 lib.
746 1140 840 1177 xv.
882 1124 1226 1189 Βουκεφαλίαν.
1288 1126 1455 1174 Porro
1492 1125 1660 1175 Buce-

612 1203 817 1266 phalum
840 1202 1163 1252 Onesicritus
1182 1208 1237 1253 et
1252 1200 1458 1251 Arrian.
1476 1214 1529 1251 v.
1544 1204 1593 1249 ⁸.
1613 1205 1660 1250 1.

604 1279 755 1329 senio
794 1277 1089 1329 confectum
1132 1278 1242 1326 sine
1281 1277 1493 1326 vulnere
1526 1274 1664 1325 defe-

608 1352 745 1403 cisse
768 1359 1065 1402 nsemorant.
1130 1352 1396 1402 Plutarch.
1414 1366 1529 1415 cap.
1553 1355 1665 1401 107.

613 1427 630 1453 ‘
648 1426 731 1476 Ex
752 1427 933 1490 proelio
954 1442 1071 1477 curn
1094 1426 1251 1488 Poro,
1266 1440 1369 1476 non
1386 1427 1664 1489 extemplo,

600 1494 703 1551 'sed
739 1510 875 1565 post,
914 1509 972 1552 ut
1006 1503 1237 1567 plerique
1280 1500 1525 1566 produnt,
1568 1500 1664 1550 sub

610 1578 877 1627 vulnerum
908 1580 1207 1629 curatione:
1248 1586 1307 1628 ut
1342 1577 1666 1629 Onesicritus

608 1661 697 1705 est
718 1661 917 1709 auctor,
948 1654 1017 1703 ob
1038 1656 1236 1703 senium
1260 1654 1437 1703 labore
1460 1653 1667 1704 confec·

611 1736 730 1777 tus:
754 1741 870 1778 uam
894 1727 1113 1792 triginta
1134 1742 1381 1778 annornm
1405 1736 1566 1779 astate
1592 1730 1667 1779 ait

612 1814 730 1851 cum
774 1802 1071 1851 decessisse.
1138 1803 1363 1853 Mortem
1401 1804 1515 1866 ejus
1546 1804 1667 1855 tulit

605 1876 915 1927 Alexander
951 1877 1210 1940 graviter3
1252 1891 1354 1927 non
1388 1879 1541 1930 aliter
1575 1894 1666 1928 ex-

612 1950 847 2001 istimans
878 1965 1029 2015 quam
1064 1951 1107 2000 si
1138 1950 1443 2003 familiarem
1466 1962 1523 2004 et
1542 1955 1668 2003 ami·

612 2041 735 2077 curn
778 2028 1050 2079 amisisset.
1115 2026 1180 2078 In
1222 2028 1519 2078 memoriam
1557 2030 1668 2093 ejus

612 2114 775 2164 super
828 2100 1118 2165 Hydaspen
1183 2101 1413 2154 condidit
1472 2103 1668 2161 urbem,

614 2190 769 2239 quarn
806 2177 1091 2240 appellavit
1129 2177 1533 2241 Bucephalum)
1566 2180 1668 2230 Rc-

614 2252 769 2301 derus.
839 2252 919 2302 De
938 2253 1241 2316 Buceplralo
1272 2254 1392 2303 vide
1424 2269 1580 2320 supra
1602 2256 1668 2305 ad

616 2339 694 2375 vr.
719 2330 769 2377 5.
803 2330 882 2377 18.
945 2328 1033 2376 De
1055 2342 1119 2377 eo
1142 2327 1278 2376 hand
1306 2326 1495 2378 dubius
1528 2342 1672 2379 error

617 2410 700 2452 est
750 2403 1017 2466 Sabellici‚
1067 2403 1339 2455 scribentis
1389 2405 1443 2455 in
1498 2420 1672 2469 pugna

616 2481 683 2530 ad
706 2481 984 2532 Granicum
1008 2481 1276 2534 cecidisse.
1328 2483 1671 2534 Memorabile

615 2558 756 2621 quod
800 2573 915 2621 cap.
948 2562 1031 2608 ⁸⁰·
1062 2558 1149 2608 An
1191 2558 1302 2607 seni
1336 2559 1405 2608 sit
1442 2559 1672 2622 gerenda

614 2634 825 2698 respub.
847 2635 1152 2685 Plutarchus
1176 2643 1357 2684 narrat
1376 2649 1390 2682 ε
1414 2640 1427 2662 ⁸
1441 2634 1672 2684 Alexan·

618 2710 715 2760 der
736 2710 1091 2773 Bucephalum
1098 2709 1209 2771 jam
1225 2709 1371 2757 annis
1386 2709 1674 2771 graviorem

620 2786 797 2834 nolens
842 2798 1094 2846 premere,
1136 2789 1259 2833 ante
1297 2798 1520 2846 pugnam
1558 2785 1672 2834 aliis

621 2856 904 2906 vellebatur
924 2857 1087 2920 equis,
1108 2855 1288 2906 obiens
1308 2858 1594 2907 exercitum
1615 2866 1674 2908 et

618 2933 827 2982 ordines
845 2931 1103 2980 instruens
1122 2947 1138 2979 τ
1170 2931 1360 2981 deiude
1382 2932 1523 2982 illum
1544 2934 1674 2984 data

620 3013 821 3056 tessera
842 3005 1244 3068 conscendebat,
1278 3007 1331 3056 in
1370 3008 1542 3058 hostes
1576 3009 1672 3060 du·

620 3081 793 3144 cebat,
814 3095 879 3132 ac
908 3080 1249 3132 decertabat!
1302 3084 1385 3133 De
1410 3083 1539 3134 urbe
1562 3085 1674 3148 ejus

620 3156 926 3220 ,cognomine
964 3155 1082 3206 vide
1115 3157 1274 3206 etiarn
1310 3157 1501 3208 Melam
1537 3171 1603 3209 u.
1624 3163 1673 3212 ⁸.

619 3234 749 3297 aa„
767 3231 992 3281 Plinium
1014 3244 1089 3282 vr.
1108 3235 1193 3282 2⁰.
1246 3232 1408 3282 Solin.
1436 3246 1557 3297 cap.
1587 3239 1673 3284 47.

621 3312 711 3355 aut
750 3313 810 3356 ut
844 3307 937 3358 alii
975 3315 1245 3358 numerant
1282 3312 1365 3357 57.
1412 3308 1674 3361 Justinnrn

620 3394 725 3430 xn-
768 3387 817 3432 8.
850 3385 900 3434 8.
956 3383 1094 3434 Urbs
1136 3392 1311 3434 antem
1352 3385 1457 3436 ista
1490 3395 1676 3436 vocata

618 3455 721 3508 suit
761 3459 777 3486 ⁶
800 3459 1142 3520 Bucephalos'
1186 3474 1217 3507 a
1250 3461 1448 3518 Curtio,
1482 3462 1537 3510 in
1570 3477 1674 3526 quo

619 3536 926 3584 assertorem
968 3531 1125 3579 habet
1162 3531 1437 3582 Arrianurn
1474 3533 1672 3597 Peripl.

619 3605 757 3654 Mar.
802 3605 1009 3666 Erythr.
1056 3619 1142 3657 ιιι.
1182 3611 1263 3655 21.
1297 3607 1330 3666 ἡ
1373 3607 1674 3671 Βουκέφαλοι

613 3675 951 3742 ΜΑλσξόνδρσιο
1006 3681 1095 3728 ubi
1138 3689 1262 3731 nota
1304 3683 1423 3734 huic
1466 3699 1674 3750 quoque

622 3754 738 3805 urbi
780 3769 965 3804 nomen
1004 3752 1161 3804 fuisse
1196 3756 1548 3818 Alexandriae,
1578 3763 1672 3812 sed

621 3830 688 3879 ad
718 3828 1103 3880 distinctionem
1139 3831 1352 3882 aliarum
1382 3835 1674 3900 Bucephali

622 3920 909 3972 cognomen
930 3905 1187 3968 additum,
1208 3915 1267 3958 ut
1296 3916 1566 3976 utrumque
1584 3927 1672 3963 cx.

622 3982 909 4054 primeret„
931 3997 963 4032 a
1000 3997 1101 4046 quo
1134 3983 1346 4034 condita
1382 3984 1583 4050 fuisset,
1619 3999 1676 4038 et

622 4059 773 4123 cnjus
795 4059 847 4109 in
867 4060 1126 4110 honorem.
1140 4059 1277 4123 quod
1292 4061 1497 4124 quidem
1515 4063 1674 4114 etiam

626 4148 691 4184 ex
713 4135 921 4187 scholiis
942 4136 995 4184 in
1016 4132 1379 4200 Aristophanis
1402 4136 1581 4188 Nubes
1599 4154 1674 4189 vs.

624 4213 705 4262 22.
738 4210 1003 4264 firmatur:
1042 4209 1421 4272 Τελευτήσαντος
1451 4213 1539 4264 τοῦ
1560 4221 1676 4268 Βου-

1294 384 1508 433 ΝΟΤΔΞ
1558 382 1956 431 vitulorum
2006 382 2085 437 IN

1728 522 1941 587 αφά-λου
1977 520 2330 587 'mperes'
2365 519 2556 569 ἔκτισεν
2585 518 2779 582 ἐντάφι-

1729 618 1784 649 ον
1807 601 1939 661 οὐτᾷ
1968 602 2055 659 τῆς
2085 599 2252 658 ἀρετῆς
2283 596 2593 661 χαριζόμενος
2624 596 2782 649 πόλιν.

1728 681 1744 707 ⁸
1765 679 1960 742 Regem
1982 675 2228 727 defuncto
2263 690 2398 740 equo
2419 673 2626 724 duxisse
2661 687 2783 723 exe-

1730 754 1901 818 quias’
1925 754 2070 803 addit
2092 754 2229 803 Pliu.
2251 764 2329 802 vr.
2354 754 2437 801 42.
2459 756 2510 800 5.
2531 749 2618 799 ubi
2635 748 2783 812 liujus

1731 828 1890 879 etiarn
1910 828 2051 879 urbis
2077 826 2327 877 meminit.
2366 824 2592 876 Feci-ss.

1798 906 1912 967 §24
1945 903 2158 953 Secundo
2185 902 2346 965 am]
2379 900 2650 965 Hydaspe,
2681 913 2784 949 non

1733 978 1977 1031 Acesiue.
2041 980 2232 1029 Verum
2271 984 2330 1026 ut
2364 975 2450 1025 bic
2476 976 2617 1025 locus
2640 982 2785 1025 recte

1733 1055 2075 1121 percipiatur,
2110 1056 2284 1119 paullo
2304 1052 2508 1115 longius
2531 1052 2782 1101 iuberen-

1733 1130 1853 1181 dum
1895 1138 1996 1181 est.
2058 1129 2333 1181 Sciendum
2379 1141 2506 1190 ergo
2550 1128 2785 1177 Curtium

1734 1218 1832 1270 per
1882 1204 2272 1270 properantiam
2325 1200 2619 1253 confudisse
2683 1202 2786 1251 iter

1735 1280 2040 1336 Alexandri,
2077 1293 2230 1343 supra
2263 1292 2401 1329 num.
2422 1282 2503 1327 2⁰.
2534 1284 2548 1307 ⁸
2569 1276 2653 1327 Ad
2690 1274 2786 1325 flu·

1735 1368 1856 1406 rnen
1877 1354 2132 1405 Acesinen
2152 1356 2288 1404 locat
2309 1358 2500 1403 castra.
2549 1351 2632 1401 Ibi
2653 1350 2788 1403 forte

1735 1428 1963 1489 Crenas:
2009 1433 2106 1479 διο.
2186 1428 2377 1479 Omisit
2419 1428 2554 1478 enim
2595 1426 2792 1487 dicere,

1735 1504 1874 1568 quod
1916 1504 2163 1555 Arrianus
2193 1504 2296 1554 fine
2317 1504 2499 1568 quinti,
2536 1503 2552 1531 ‘
2573 1501 2788 1552 Aeetine

1737 1583 2057 1642 transmisso,
2111 1582 2176 1631 ad
2222 1580 2509 1644 Hydaspen
2555 1576 2791 1626 venisse.'

1739 1656 1812 1705 ibi
1849 1657 1988 1705 enirn
2032 1663 2265 1705 mortuus
2301 1661 2383 1703 est
2421 1653 2626 1702 Coenus.
2695 1650 2792 1700 Ar-

1739 1732 1868 1781 rian.
1892 1744 1966 1781 vr.
1994 1736 2039 1780 t.
2057 1735 2108 1783 4.
2172 1730 2323 1782 Quod
2345 1730 2388 1779 si
2417 1730 2532 1792 quis
2555 1727 2687 1778 baud
2709 1742 2792 1776 sa·

1740 1806 1806 1856 tis
1831 1802 2050 1854 validum
2087 1810 2439 1867 argumentum
2477 1808 2647 1865 putet,
2670 1802 2791 1866 quia

1739 1879 1866 1927 nibil
1921 1892 2130 1928 necesse
2187 1884 2270 1927 est
2323 1876 2558 1927 Curtium
2603 1878 2787 1941 eadem

1739 1955 1936 2005 sentire
1957 1967 2076 2003 cum
2099 1952 2350 2012 Arriano;
2373 1965 2438 2001 ex
2463 1952 2576 2014 ipso
2601 1950 2791 2013 produ·

1741 2044 1854 2079 cam
1874 2034 2194 2091 argumenta,
2221 2041 2335 2091 quoe
2356 2027 2664 2076 sententian
2686 2040 2793 2077 me·

1741 2122 1822 2157 am
1867 2104 2157 2157 affirment:
2203 2107 2297 2165 ait,
2345 2105 2362 2133 ‘
2396 2104 2516 2155 Jam
2557 2104 2610 2153 in
2655 2117 2792 2166 aqua

1743 2182 1941 2243 classis,
1977 2196 2129 2245 quam
2153 2177 2400 2229 edificari
2425 2179 2672 2243 jusserat,
2689 2186 2795 2229 sta-

1743 2258 1833 2309 bat
1853 2274 1867 2307 :
1884 2257 1899 2279 '
1941 2264 1995 2307 at
2019 2256 2106 2307 ubi
2129 2254 2456 2305 exa-dificata
2477 2254 2654 2304 classis
2669 2254 2794 2303 illa?

1741 2337 1760 2365 ⁴
1779 2334 1832 2383 in
1857 2332 2129 2397 proxiniis’
2155 2329 2384 2394 Hydaspi
2403 2326 2559 2379 fluvio
2577 2330 2594 2359 ‘
2613 2329 2795 2379 monti·

1742 2407 1877 2471 bus,’
1921 2407 2080 2472 ipsius
2115 2406 2320 2469 iudicio,
2361 2419 2516 2469 supra
2552 2418 2631 2455 tx.
2663 2408 2710 2453 1.
2741 2409 2794 2455 4.

1744 2484 1879 2549 quod
1903 2491 1958 2533 et
1979 2483 2097 2532 binc
2119 2488 2324 2532 constat
2343 2495 2411 2530 ex
2433 2495 2573 2530 num.
2593 2484 2675 2530 28.
2699 2479 2794 2530 bu-

1738 2561 1829 2624 jus
1870 2574 1986 2624 cap.
2029 2559 2164 2624 quod
2205 2559 2334 2608 dicit
2371 2557 2454 2606 ‘in
2489 2556 2796 2608 aedificanda

1747 2636 1910 2686 classe
1933 2651 2128 2686 summo
2144 2634 2159 2656 '
2192 2635 2320 2684 Pori
2336 2633 2632 2698 Taxilisque
2652 2635 2668 2660 ‘
2687 2639 2794 2682 stu·

1747 2710 1835 2759 dio
1875 2711 2087 2760 nsum:’
2130 2709 2387 2760 aedificata
2425 2723 2552 2772 crgo
2592 2707 2696 2758 fuit
2741 2709 2792 2756 in

1747 2783 1996 2848 Hydaspe
2017 2783 2192 2845 fluvio,
2217 2785 2306 2848 qui
2321 2783 2582 2834 amborum
2604 2782 2794 2832 finibus

1746 2859 1942 2909 medius
1995 2857 2347 2910 interfluebat.
2421 2860 2796 2924 supplementa

1745 2947 1951 2998 quoque
1985 2936 2236 2985 variarum
2275 2934 2554 2995 nationum,
2575 2933 2798 2986 Arriano

1749 3015 1886 3060 teste
1919 3009 2084 3060 Indic.
2109 3024 2194 3061 ru.
2218 3014 2297 3060 15.
2313 3009 2472 3073 ‚iuxta
2507 3007 2796 3072 Hydaspen

1749 3083 2045 3135 Alexandro
2087 3086 2374 3149 conjuncta
2416 3090 2552 3134 sunt.
2617 3083 2706 3134 Sic
2737 3089 2797 3132 et

1747 3158 1766 3186 ‘
1783 3159 2048 3209 discordes
2069 3167 2128 3210 et
2150 3167 2332 3209 vetera
2361 3157 2479 3208 odia
2513 3163 2800 3206 retractau-

1749 3234 1859 3284 tes'
1905 3234 2097 3285 Porum
2143 3242 2300 3300 atque
2341 3234 2593 3294 Taxilem,
2645 3240 2659 3261 ⁴
2681 3231 2800 3282 reli-

1750 3311 1920 3374 quisse
1955 3313 2010 3362 in
2043 3311 2146 3361 suis
2168 3309 2364 3374 regnis’
2407 3307 2674 3371 intelligis,
2695 3321 2800 3358 non

1751 3385 1816 3434 ad
1863 3386 2098 3436 Acesinis
2143 3385 2354 3443 fluenta,
2388 3381 2480 3431 sed
2521 3381 2802 3444 Hydaspis.

1749 3459 1766 3488 ⁸
1786 3460 2000 3524 Oppida
2021 3471 2223 3522 qnoque
2256 3453 2399 3514 dno:
2433 3469 2548 3517 qun
2586 3455 2603 3482 ‘
2621 3453 2800 3504 condi-

1748 3533 1914 3582 disse'
1957 3533 2043 3582 bic
2077 3532 2262 3581 iterum
2301 3529 2528 3579 inculcat
2559 3527 2800 3592 (oblitus,

1747 3607 1883 3674 quod
1905 3622 2060 3670 supra
2081 3619 2161 3656 rx.
2180 3610 2230 3656 1.
2245 3609 2295 3655 6.
2309 3604 2375 3654 de
2391 3604 2450 3653 iis
2468 3603 2798 3654 tradidisset:

1747 3693 1804 3736 et
1848 3685 1900 3734 iu
1934 3696 2160 3733 errorem
2193 3682 2436 3732 inductus
2469 3694 2533 3730 eo
2569 3679 2801 3742 negotio,

1746 3758 1902 3825 quod,
1935 3758 2074 3808 sicut
2099 3757 2254 3808 etiam
2291 3755 2394 3806 fine
2427 3756 2515 3805 lib.
2543 3769 2589 3802 v.
2623 3753 2800 3804 Arria-

1747 3848 1841 3883 nus
1865 3833 2044 3894 tradit,
2083 3831 2376 3882 Alexander
2410 3840 2518 3881 tum
2554 3829 2803 3893 temporis

1747 3925 1848 3960 non
1871 3909 2076 3976 quidem
2101 3908 2166 3959 de
2189 3921 2322 3958 novo
2345 3906 2446 3958 ista
2467 3905 2660 3969 oppida
2679 3919 2801 3955 cou-

1747 3987 1902 4049 didit,
1945 3986 2038 4036 sed
2077 4001 2194 4050 que
2229 3984 2301 4034 ibi
2338 3983 2525 4033 imbres
2559 3995 2799 4047 conrupe-

1749 4070 1887 4126 rant,
1931 4059 2263 4125 instauravit)
2303 4073 2404 4108 non
2445 4059 2497 4108 in
2543 4057 2800 4117 Acesiuis,

1751 4138 1842 4188 sed
1885 4136 2152 4202 Hydaspis
2197 4135 2312 4200 ripa
2353 4132 2532 4194 fuisse,
2574 4131 2803 4182 certissi-

1751 4228 1886 4266 mum
1908 4220 2006 4266 est·
2036 4213 2204 4280 posita
2237 4210 2372 4264 enin
2397 4213 2520 4261 sunt
2538 4207 2694 4277 juxta
2725 4207 2800 4260 lo-
