3222 4944
827 425 1086 474 surr-1..
1132 426 1215 473 11<
1260 426 1327 487 Q.
1374 424 1595 475 cunr.
1643 426 1785 477 mn.
1833 428 1914 479 x.
1961 432 2124 481 cn.
2166 420 2232 483 4.

2436 420 2608 490 1509

440 574 575 634 here
628 574 921 656 stipendia
962 576 1165 651 voluit,
1211 576 1457 637 Cratero
1484 578 1555 637 iis
1582 578 1922 657 praeposito,
1953 600 2124 660 quem
2158 584 2333 646 etiam
2360 588 2614 667 Antipa-

437 670 511 729 tri
538 670 673 731 loco
700 672 1148 747 Macedonibus,
1178 673 1497 745 Thessalis,
1519 673 1962 753 Thracibusque
1991 698 2246 756 praeesse
2265 682 2467 761 jussit,
2490 685 2612 744 An·

432 766 827 847 tipatrumque
855 786 994 827 cunr
1021 769 1431 846 supplemento
1458 770 1712 829 tironum
1757 771 1816 829 in
1848 772 2074 833 Crateri
2107 774 2300 835 locum
2349 779 2604 841 vocavit.

437 861 496 921 9.
540 861 675 921 Jam
716 862 941 943 pridem
988 864 1226 941 quidem
1253 864 1590 925 Alexandro
1617 865 1802 925 literae
1848 877 1906 926 et
1937 868 2011 926 ab
2041 868 2390 950 Olympiade
2417 886 2606 934 matre

432 1090 565 1139 enim
605 1090 864 1154 stipendis
904 1096 959 1141 et
991 1092 1178 1143 salaria
1210 1096 1478 1157 parentum

430 1164 791 1215 defunctorum
815 1165 936 1216 filiis
970 1168 1339 1231 superstitibus
1372 1170 1477 1219 vel·

426 1240 505 1289 uti
529 1240 861 1291 baereditario
866 1242 992 1305 jure
1009 1242 1365 1305 conferuntur,
1387 1244 1477 1293 sed

426 1316 581 1365 etiarn
604 1314 723 1365 ffliae
748 1316 953 1365 nubiles
968 1331 1034 1366 ex
1054 1316 1181 1367 fisco
1202 1317 1479 1367 honorifice

422 1390 677 1453 ditantur,
708 1398 767 1440 ut
788 1392 1015 1441 studium
1038 1400 1095 1442 et
1116 1393 1377 1457 cupiditas
1400 1395 1475 1443 in·

423 1467 704 1528 serviendi,
727 1473 782 1516 et
806 1467 965 1517 etism
981 1468 1233 1517 moriendi
1256 1483 1351 1533 pro
1386 1484 1474 1533 pa-

420 1542 523 1591 tria
538 1548 593 1591 et
607 1556 717 1605 rep.
738 1555 833 1605 spe
848 1542 1357 1605 recompensationis,
1378 1559 1476 1594 cen

418 1616 657 1677 stimulis,
676 1622 977 1666 exacuatur.
1026 1616 1145 1667 Hoc
1167 1618 1320 1667 etiam
1345 1619 1474 1681 regi-

418 1690 515 1741 bus
533 1692 761 1742 Castiliae
784 1697 1085 1742 consuetum
1098 1690 1227 1753 fuit3
1245 1692 1319 1741 ita
1337 1692 1473 1742 enim

416 1765 723 1817 Franciscus
767 1766 1055 1829 Ximenius,
1094 1766 1381 1818 cardinalis
1415 1775 1472 1818 et

414 1855 603 1905 prorex
627 1842 911 1907 Hispania,
933 1843 1117 1892 scribit
1139 1842 1203 1892 sd
1228 1845 1469 1895 carolum

414 1931 467 1967 v.
494 1920 773 1981 Coesarem,
803 1934 957 1983 quum
979 1918 1139 1969 tilium
1159 1920 1380 1983 alicujus
1400 1920 1467 1971 de

412 2005 575 2056 regno
615 1993 749 2043 bene
793 1996 963 2043 meriti
1006 1994 1059 2043 in
1096 1994 1463 2059 praefectnram

411 2068 643 2129 parentis
665 2067 897 2119 defuncti
916 2068 1300 2119 substituisset:
1328 2072 1463 2122 inter

411 2142 514 2191 alia
546 2142 745 2205 Regum
776 2151 1086 2205 nostrorum,
1122 2160 1236 2194 eam
1258 2160 1463 2210 semper

410 2217 830 2267 consuetudinem
872 2219 1263 2268 memorabilem
1304 2219 1463 2271 fuisse

410 2300 635 2353 constat,
668 2300 723 2342 ut
744 2304 859 2356 quae
882 2292 1073 2341 inclitis
1096 2291 1249 2342 factis
1268 2294 1458 2345 benefi-

408 2368 491 2417 cia
520 2375 763 2433 parentes
800 2368 1127 2430 meruissent,
1152 2384 1218 2418 ea
1236 2383 1461 2433 quoque,

406 2442 508 2493 illis
550 2442 943 2506 decedentibus,
990 2442 1058 2492 ad
1104 2456 1283 2494 eorum
1326 2443 1458 2495 filios

408 2518 833 2584 transferrentur,
857 2521 1147 2585 proesertim
1170 2521 1213 2570 si
1236 2520 1357 2570 dum
1378 2536 1457 2570 re·

407 2593 463 2656 gi
502 2594 773 2656 servirent,
809 2602 1147 2645 morerentur.
1218 2597 1351 2646 Nam
1386 2597 1459 2644 ita

404 2669 631 2725 homines
666 2671 935 2720 alacriores
968 2670 1035 2720 ad
1072 2685 1283 2720 munera
1320 2686 1457 2721 com·

402 2745 559 2794 missa
583 2744 784 2795 fidelius
806 2745 1046 2796 obeunda
1078 2746 1379 2807 redduntur,
1412 2746 1457 2795 si

399 2833 506 2870 snae
530 2834 732 2886 quoque
757 2822 959 2871 virtutis
983 2822 1197 2884 proernia
1228 2821 1295 2870 ad
1328 2821 1453 2872 libes

400 2907 485 2944 ros
528 2910 641 2946 esse
684 2895 1043 2946 transferenda
1082 2897 1452 2958 intellexerint,

400 2983 527 3034 quos
560 2974 781 3022 naturali
813 2975 1033 3038 quodam
1067 2971 1261 3024 affectu
1298 2988 1451 3038 quam

398 3047 619 3098 maxime
634 3055 839 3100 ornatos
863 3056 919 3098 et
936 3057 1203 3113 provectos
1218 3049 1407 3113 cupiun
1414 3059 1451 3099 t.

397 3123 631 3187 Idipsnm
675 3123 974 3174 observavit
1016 3130 1139 3174 ante
1192 3124 1451 3187 plusculos

398 3212 557 3247 annos
594 3197 905 3247 fortissimus
943 3204 1000 3247 et
1038 3199 1450 3249 bellicosissimus

394 3273 510 3321 Rex
558 3271 789 3321 Polouiae
824 3272 1137 3334 Stephanus,
1178 3282 1445 3337 postquam

396 3347 661 3396 Livoniam
717 3346 897 3393 Museo
954 3346 1275 3395 extorsisset.
1360 3347 1446 3396 Ita

391 3422 527 3471 enirn
550 3421 617 3470 de
640 3435 703 3470 eo
722 3419 902 3469 scribit
920 3419 1201 3468 Reinoldus
1216 3419 1445 3469 Heiden·

390 3497 605 3548 steinius
628 3495 695 3546 de
719 3494 852 3544 bello
869 3495 1101 3544 Moscov.
1124 3493 1212 3546 lib.
1232 3508 1309 3544 vr.
1381 3495 1445 3545 In

390 3579 503 3622 toto
526 3572 623 3621 hoe
643 3571 779 3620 bello
802 3569 854 3618 id
877 3583 943 3618 ex
966 3571 1080 3632 lege
1116 3569 1446 3620 observatum

388 3645 583 3709 fuerat,
608 3652 666 3696 nt
686 3646 727 3694 si
750 3646 836 3710 qui
860 3645 909 3692 in
936 3659 998 3694 eo
1034 3645 1326 3708 periissent,
1356 3648 1445 3712 qui

388 3721 623 3787 publicas
646 3719 993 3786 possessiones
1007 3720 1130 3784 jure
1162 3722 1334 3786 aliquo
1369 3731 1443 3772 te·

387 3804 591 3858 nerent,
607 3799 808 3848 easdem
832 3795 1005 3846 liberis
1025 3811 1201 3847 eorum
1215 3800 1442 3862 quamvis

386 3873 690 3937 infantibus,
712 3875 900 3939 partim
916 3873 1069 3922 etiam
1094 3875 1297 3937 puellis,
1322 3891 1440 3926 con·

387 3949 655 4000 firmaret.'
716 3951 987 4000 Hactenus
1013 3949 1117 4000 ille.
1182 3951 1267 4000 De
1286 3951 1439 4000 Sara·

386 4037 631 4075 cenorum
662 4024 715 4072 in
736 4024 996 4087 Hispania
1018 4039 1139 4088 rege
1156 4024 1277 4074 Isen
1302 4026 1441 4076 idem

384 4100 630 4150 observat
668 4099 953 4149 Roderiens
984 4099 1267 4149 Toletsnus
1302 4101 1441 4152 Hiar.

386 4173 546 4223 Arab.
575 4187 693 4236 cap.
718 4177 799 4222 19.
831 4175 847 4204 ⁴
875 4173 1005 4223 Cum
1026 4189 1231 4223 suorum
1256 4174 1440 4239 aliquis

385 4257 551 4300 morte
572 4248 785 4314 propris
804 4249 985 4312 vitam,
997 4255 1087 4300 aut
1106 4249 1279 4314 gladio
1295 4247 1441 4300 tinie-

1550 1093 1661 1155 bat,
1684 1098 1952 1158 paternum
1978 1094 2292 1159 stipendium
2318 1097 2424 1148 filio
2445 1114 2605 1165 quan-

1550 1169 1794 1219 tumlibet
1817 1172 2030 1233 parvulo
2053 1172 2317 1235 erogabat,
2347 1173 2511 1225 donee
2535 1190 2605 1226 m·

1550 1250 1663 1294 tate
1717 1245 2001 1307 perfectus,
2044 1246 2240 1297 militiae
2285 1248 2604 1301 adscribere·

1550 1318 1674 1367 tur.'
1713 1320 1786 1370 Hi
1809 1334 1933 1384 ergo
1953 1322 2158 1385 proprie
2181 1322 2428 1373 dicuntur
2461 1330 2475 1352 ⁸
2493 1324 2604 1389 epi·

1547 1392 1698 1455 goni'
1729 1393 1937 1444 Justino
1975 1408 2077 1445 xn.
2113 1399 2162 1445 Δ.
2189 1401 2268 1447 ll.
2302 1397 2418 1447 ‘Sic
2442 1398 2603 1449 etiarn

1544 1464 1862 1517 vocabantur
1892 1482 2068 1518 eorum
2104 1472 2318 1534 posteri,
2359 1474 2445 1536 qui
2479 1489 2599 1525 cum

1544 1539 1770 1591 Adrasto
1795 1549 1850 1591 et
1885 1544 2133 1607 Polynice
2168 1544 2372 1595 Thebas
2401 1560 2602 1612 oppug-

1541 1616 1830 1680 naverant,'
1872 1626 1930 1668 ut
1971 1625 2119 1669 notat
2155 1620 2372 1671 Diodor.
2412 1626 2601 1674 rv.68.

1540 1690 1729 1741 Strabo
1779 1691 1883 1741 lib.
1938 1708 2041 1743 vn.
2095 1700 2152 1743 et
2210 1695 2402 1747 Enseb.
2457 1712 2596 1750 num.

1538 1778 1819 1817 ncccxxn.
1899 1767 1983 1816 Ad
2015 1768 2196 1819 borum
2229 1769 2386 1832 igitur
2420 1785 2595 1823 exem·

1537 1842 1680 1905 plum
1712 1850 1729 1871 ’
1751 1844 2026 1907 epigonos'
2061 1845 2178 1894 illos
2221 1847 2396 1895 vocari
2430 1849 2598 1899 voluit

1536 1915 1854 1981 Alexander,
1889 1920 2033 1985 quasi
2069 1922 2120 1969 in
2143 1930 2456 1985 perpetuum
2477 1924 2592 1973 Ma·

1534 1993 1782 2044 cedonica
1823 1996 2005 2045 militia
2028 1995 2274 2058 stabilita,
2305 2004 2362 2046 ut
2389 1998 2593 2049 scilicet

1532 2072 1688 2121 aetate
1729 2078 1820 2122 aut
1865 2072 2159 2122 vulneribus
2202 2071 2589 2138 fessi·raptive,

1529 2147 1752 2197 subinde
1771 2163 1802 2197 a
1827 2149 2043 2212 posteris
2065 2149 2186 2204 suis,
2201 2148 2298 2198 boo
2317 2150 2453 2197 enim
2466 2156 2590 2199 sunt

1528 2222 1545 2247 ⁸
1567 2222 1810 2287 epigoni,’
1866 2224 2248 2285 exciperentur.
2265 2240 2288 2269 .·
2337 2223 2587 2273 Arrianus

1531 2305 1702 2347 antem
1721 2312 1826 2347 vn.
1851 2303 1896 2347 1.
1915 2302 1996 2347 25.
2015 2306 2069 2347 et
2095 2312 2195 2348 vn.
2227 2302 2278 2348 2.
2321 2302 2370 2347 8.
2404 2298 2587 2363 appel-

1529 2370 1770 2423 lationem
1789 2388 1902 2422 eam
1921 2372 2195 2435 restringit
2213 2373 2278 2421 ad
2298 2384 2435 2421 xxx.
2451 2374 2584 2421 Per·

1526 2460 1694 2496 sarum
1718 2447 1880 2496 millia
1902 2447 2258 2498 Macedonicis
2281 2449 2480 2498 artibus
2503 2449 2582 2498 in·

1527 2521 1731 2572 stituta.
1795 2522 2052 2572 Videntur
2077 2525 2251 2572 antem
2265 2531 2320 2573 et
2339 2525 2466 2575 hiet
2487 2525 2584 2587 illi,

1527 2603 1788 2661 tamquam
1823 2599 1872 2646 in
1917 2611 2068 2646 unum
2111 2611 2297 2660 eorpus
2321 2601 2580 2661 coalituri,

1526 2672 1707 2723 eodem
1729 2674 1828 2722 boc
1845 2673 2048 2722 nomine
2070 2672 2226 2722 fuisse
2250 2675 2440 2724 vocati.
2468 2675 2580 2724 .Ce-

1526 2755 1696 2796 terum
1727 2749 1946 2798 rnilitum
1968 2748 2105 2798 bello
2126 2761 2370 2798 cesorum
2393 2758 2580 2800 uxores

1525 2822 1758 2884 pecnnioe
1781 2823 2148 2873 distributione
2176 2826 2582 2876 consolatusffest

1523 2896 1762 2946 Macbsiil
1819 2898 2062 2962 Rangebe
2114 2900 2252 2963 apud
2308 2901 2576 2952 Zonaram.

1524 2971 1774 3024 Romano
1819 2973 1963 3037 leges
2000 2975 2161 3024 etiam
2195 2977 2404 3040 pupillis
2437 2979 2572 3041 ejus-

1520 3046 1666 3096 modi
1673 3048 1817 3096 varia
1832 3048 2018 3098 solatia
2027 3049 2424 3102 constituerunt.
2439 3051 2573 3103 Vide

1519 3121 1744 3172 Fabrnm
1767 3122 2010 3173 Semestr.
2033 3137 2124 3174 ιιι.
2146 3129 2196 3174 8.
2223 3125 2443 3177 Freinsh.

1585 3199 1616 3260 ξ
1650 3201 1684 3246 9
1715 3197 1794 3246 Ab
1834 3198 2136 3261 Olympiade]
2186 3201 2302 3252 Quo
2340 3210 2572 3266 tempore

1521 3271 1712 3322 accidit
1751 3273 1875 3322 illud
1915 3271 2054 3322 fama
2091 3274 2574 3340 celebratissimum,

1518 3352 1575 3394 ut
1600 3346 1854 3408 nimirum,
1873 3345 2248 3409 Hephaestione
2281 3351 2458 3400 literas
2492 3367 2571 3403 se·

1517 3434 1632 3469 cnm
1656 3420 1987 3483 inspiciente,
2020 3421 2243 3484 anulum,
2268 3437 2418 3488 quem
2443 3425 2571 3488 digi-

1518 3506 1571 3545 to
1613 3493 1939 3558 detrahebat,
1975 3495 2052 3545 ori
2091 3497 2201 3560 ejus
2232 3497 2568 3561 imprimeret.

1516 3571 1656 3620 Vide
1679 3571 1950 3620 Plutarch.
1969 3570 2232 3636 Apopbtb.
2265 3587 2379 3638 cap.
2396 3579 2477 3624 39.
2511 3585 2568 3627 et

1517 3647 1672 3698 Orat.
1691 3647 1758 3696 de
1780 3647 1920 3698 Fert.
1943 3647 2162 3700 Alexa.
2185 3655 2262 3700 17.
2315 3652 2566 3704 Crimina-

1515 3722 1681 3772 tiones
1719 3727 1892 3772 autem
1933 3723 2114 3774 matris
2154 3725 2362 3776 laesisse
2398 3727 2450 3776 in
2485 3743 2564 3780 re·

1515 3799 1593 3861 gis
1621 3798 1808 3860 animo,
1849 3806 2149 3861 argumento
2187 3807 2268 3850 est
2305 3802 2430 3852 illud
2453 3803 2564 3865 ejus

1511 3875 1921 3938 apophthegma:
1945 3888 2060 3924 cum
2071 3874 2208 3926 enim
2229 3876 2564 3940 Antipatrum

1510 3949 1742 4000 nonnulli
1777 3949 2212 4007 commendarent.
2246 3951 2384 4016 quod
2415 3967 2561 4003 seve·

1510 4039 1622 4074 ram
1641 4024 1993 4089 integramque
2010 4024 2164 4074 vitam
2185 4025 2397 4088 degeret
2415 4043 2433 4086 ς
2471 4027 2560 4084 ait,

1510 4099 1775 4163 Antipatri
1798 4099 2006 4164 quidem
2028 4099 2290 4153 exteriora
2317 4099 2560 4151 dealbata

1510 4182 1660 4235 sunt;
1680 4176 1819 4224 intus
1835 4188 1960 4223 vero
1985 4181 2126 4223 totns
2147 4181 2230 4223 est
2253 4187 2560 4237 purpureus.

1508 4250 1779 4302 Plutarch.
1801 4247 2066 4314 Apopbtb.
2087 4251 2310 4312 cap-,82
2341 4249 2490 4300 Idem.
2539 4287 2550 4298 .
