3222 4944
1075 452 1084 462 ·
1199 435 1576 496 Q.0URT11
1630 437 1837 488 auur.
2438 425 2611 494 1601

414 572 636 648 tionem
663 604 729 648 se
757 604 867 648 nec
897 583 1136 659 vidisse,
1165 605 1356 668 neque
1386 603 1422 646 a
1449 603 1749 666 quoquam
1777 584 2137 667 descriptam
2178 589 2467 668 reperisse
2495 601 2617 656 tes.-

413 691 574 746 tatur
603 681 930 746 Fabricius.

413 829 427 840 .
503 781 656 841 1531
703 778 1066 861 Antverpiae.
1091 782 1150 840 8.
1196 777 1275 848 Q.
1307 779 1498 845 Curtii
1525 778 1667 840 Rufi
1715 780 1791 842 de
1831 749 2019 848 rebus
2056 782 2247 861 gestis
2291 781 2616 848 Alexandri

416 875 633 968 Nagni
665 877 822 939 Libri
843 895 914 941 x.
956 876 1300 956 Antverpiae
1317 895 1422 956 per
1439 877 1476 938 J
1481 895 1734 938 oannem
1756 876 2121 957 Grapheum.
2114 877 2432 944 —Panzer
2446 880 2616 944 Τοιιι

424 991 521 1033 vr.
545 991 606 1052 p.
636 976 731 1034 17.
2598 1027 2605 1036 .

475 1069 660 1129 1533
703 1069 970 1132 Parisiis.
1001 1071 1058 1128 8.
1091 1068 1169 1137 Q.
1199 1068 1443 1132 Curtius
1493 1089 1629 1130 cum
1680 1030 2165 1136 annotationibus
2208 1071 2355 1134 Des.
2387 1073 2618 1136 Erasmi

413 1163 703 1229 Rotamd.
765 1165 1012 1228 Parisiis
1040 1165 1200 1252 apud
1231 1165 1532 1234 Simonem
1562 1165 1917 1230 Golinaeum.
1918 1165 2231 1230 —Panzer
2254 1167 2425 1232 Τοιιι.
2460 1188 2530 1231 vr
2542 1189 2617 1230 ιι.

418 1279 480 1370 P:
516 1261 653 1322 164.
697 1262 872 1323 Hanc
913 1271 982 1322 ut
1023 1261 1286 1322 omnium
1317 1264 1444 1323 sine
1474 1264 1883 1327 controversia
1908 1263 2193 1347 optimam
2222 1275 2280 1324 et
2310 1265 2621 1327 corneetis—

411 1354 629 1421 simam
649 1356 1032 1421 commendat
1053 1357 1326 1428 Medius.-
1360 1359 1513 1421 vitiis
1531 1365 1731 1422 tamen
1752 1371 1875 1422 non
1895 1369 2085 1436 caret,
2102 1371 2165 1423 et
2184 1360 2417 1424 videtur
2440 1362 2619 1492 plane

415 1461 554 1520 tota
581 1473 658 1516 ex
683 1454 910 1520 Aldina
935 1454 1230 1520 desumta·

505 1551 664 1610 1534
703 1548 982 1611 Basileae.
1009 1544 1141 1609 Fol.
1167 1567 1272 1628 per
1301 1549 1513 1611 Thom.
1538 1549 1726 1611 Wolf.
1758 1567 1893 1611 curn
1934 1551 2093 1664 notis
2123 1551 2353 1614 Erasmi
2399 1562 2463 1613 et
2492 1552 2625 1630 Ulr·

416 1643 694 1710 thuani
701 1645 944 1710 floribus
971 1644 1100 1708 sive
1131 1643 1334 1710 Indice
1364 1647 1814 1727 elegantiarum..

505 1743 667 1806 1635
700 1739 998 1804 venetiis.
1030 1743 1087 1805 8.
1132 1741 1538 1806 Freinshemio
1561 1751 1906 1808 memorata.
1966 1743 2198 1808 Forsan
2221 1745 2494 1826 ‚repetitio
2510 1745 2623 1814 Al,

423 1833 604 1898 dinae.

511 1935 670 1998 1538
713 1933 1006 1999 Coloniae.
1038 1937 1099 1998 8.
1129 1935 1218 2004 Q.
1242 1935 1432 1996 Curtii
1463 1936 1605 1996 Rufi
1628 1934 1913 1998 derebus
1942 1935 2129 2014 gestis
2162 1936 2482 2000 Alexandri
2527 1939 2619 2000 M.

421 2028 584 2108 regis
600 2029 1004 2091 Macedonum
1025 2030 1206 2104 Libri,
1235 2031 1570 2092 accuratius
1589 2049 1771 2110 quam
1798 2032 2055 2093 antehac
2069 2030 2205 2111 jam
2222 2049 2435 2093 recens
2457 2032 2626 2094 editi.

425 2123 767 2204 Adjccimua
795 2125 974 2188 etiam
998 2127 1058 2187 in·
1087 2125 1497 2190 studiosorum
1535 2128 2043 2208 gratiam,proeter
2073 2127 2303 2192 Erasini
2338 2127 2625 2191 Roterod.

422 2239 742 2300 nunquam,
762 2223 909 2284 satis
957 2221 1402 2302 praedicandam
1442 2241 1705 2303 operam,
1736 2223 2051 2296 Hulderici
2086 2241 2327 2302 quoque
2374 2223 2627 2285 Hutten'i

429 2315 646 2396 equitis
677 2318 739 2376 in
768 2317 978 2378 eodem
1008 2317 1255 2378 authore
1302 2319 1648 2378 observatos
1684 2319 1886 2388 flores,
1922 2321 1983 2378 in
2031 2318 2447 2398 compendium
2491 2317 2629 2378 red-

426 2421 618 2482 actos.
699 2413 968 2477 Joannes
1019 2411 1348 2493 Gymnicus
1405 2412 1740 2479 excutiebat
1806 2413 2099 2489 Coloniae,
2159 2416 2333 2477 Anno
2388 2415 2630 2477 Domini

431 2528 503 2571 ιι.
526 2530 591 2571 ιι.
618 2530 918 2571 xxxvrn
926 2508 1310 2572 e-Biblioth.
1341 2509 1508 2588 publ.
1541 2512 1859 2588 Argentor-

417 2652 426 2663 .
513 2608 665 2670 1541
714 2605 1015 2687 Lugduni.
1038 2608 1098 2669 8.
1127 2614 1190 2667 ct
1223 2608 1318 2665 12.
1359 2604 1520 2729 apud
1563 2606 1705 2667 seb.
1732 2604 2090 2687 Gryphium,
2116 2626 2253 2671 cum
2296 2610 2631 2669 annotatio-

419 2702 610 2771 nibus
635 2702 782 2765 Des.
813 2702 1084 2770 Erasmi.

516 2800 672 2859 1542
716 2798 1006 2860 Coloniae.
1040 2800 1097 2857 8.
1121 2797 1204 2867 Q.
1234 2796 1421 2857 Curtii
1459 2798 1599 2857 Rufi
1647 2798 1721 2857 de
1756 2800 1939 2861 rebus
1970 2798 2155 2877 gestis
2184 2726 2507 2864 Alexandri
2538 2798 2628 2862 M.

428 2896 586 2975 regis
617 2894 1017 2955 Macedonum
1042 2894 1223 2968 Libri,
1246 2895 1580 2958 accuratius
1607 2914 1788 2973 quam
1812 2892 2065 2955 antchac
2085 2894 2209 2973 jam
2237 2914 2446 2955 recens
2468 2895 2630 2956 editi.

427 2989 774 3070 Adjecimua
803 3000 1016 3069 proetcr
1044 2990 1276 3053 Erasmi
1319 2990 1602 3054 Roterod.
1647 3008 1954 3070 nunquam
2002 2990 2147 3051 satis
2193 2990 2632 3070 praedioandam

429 3101 692 3167 operam,
719 3084 1026 3149 Huldsrici
1051 3104 1292 3165 quoque
1321 3088 1572 3149 Hutteni
1621 3087 1839 3165 equitis
1888 3086 1949 3147 in
1995 3084 2205 3148 codem
2250 3086 2499 3148 authore
2525 3090 2633 3148 oh·

430 3191 700 3245 servatos
725 3180 926 3253 flores,
952 3182 1013 3242 in
1041 3178 1458 3261 compendium
1480 3181 1779 3251 redactos,
1810 3191 1877 3241 ut
1905 3182 2312 3241 studiosorum
2332 3185 2467 3243 usui
2494 3203 2634 3283 sup·

423 3283 643 3361 petant
667 3276 922 3337 facilius·
969 3274 1238 3335 Coloniae
1266 3275 1444 3335 Joan.
1479 3275 1811 3355 Gymnicus
1840 3275 2175 3335 excudebat
2202 3296 2274 3337 ιι.
2290 3295 2358 3337 ιι.
2374 3278 2550 3339 xnrr.
2561 3309 2635 3329 --

435 3368 551 3430 Ed.
585 3371 766 3430 1538.
793 3369 879 3429 ita
904 3386 1137 3443 recusa,
1180 3379 1249 3431 ut
1287 3371 1508 3450 pagina
1550 3372 1812 3450 pagine,
1842 3370 1999 3429 linea
2040 3370 2213 3429 lincoe
2255 3372 2630 3451 respondeat.

435 3466 620 3530 Euat
646 3465 708 3528 ιιι
737 3462 1020 3528 Biblioth.
1048 3466 1216 3545 publ.
1258 3466 1574 3545 Argentor.

523 3564 680 3627 1545
721 3562 998 3625 Basilum.
1041 3562 1172 3623 Fol.
1201 3562 1298 3634 Ω.
1325 3561 1516 3623 Curtii
1559 3560 2021 3639 historiographi
2064 3560 2519 3623 luculentissimi
2561 3562 2636 3627 dc

433 3661 614 3722 rebus
664 3659 850 3739 gestis
881 3658 1210 3719 Alexandri
1261 3660 1350 3718 M.
1395 3660 1554 3737 regis
1605 3657 2005 3717 Macedonum
2037 3657 2228 3736 Opus,
2270 3658 2357 3719 ita
2396 3658 2637 3721 demum

433 3753 812 3817 mandatum
843 3762 1022 3832 atque
1051 3753 1528 3829 illustratum,‘ut
1567 3752 1819 3833 posthac
1847 3754 1943 3815 vix
1969 3753 2285 3833 quicquam
2318 3754 2642 3816 desiderari

432 3850 650 3931 pouit.
680 3851 1082 3915 Accesserant
1106 3851 1266 3912 enim
1306 3851 1561 3912 antehac
1585 3868 1895 3930 nunquam
1916 3849 2065 3921 visa,
2090 3850 2359 3911 Duorum
2386 3852 2447 3912 ia
2474 3852 2637 3930 prin,-

437 3946 592 4027 cipio
629 3946 931 4020 librorum,
976 3947 1082 4026 qui
1121 3944 1556 4021 desiderantur,
1586 3947 2077 4028 supplementum
2122 3948 2637 4027 compendiosum.

429 4040 607 4107 Finis
647 4043 710 4103 in
751 4044 962 4123 quinto
1002 4044 1173 4117 libro,
1203 4042 1402 4123 Atque
1431 4043 1893 4123 fragmentorum
1938 4044 2001 4102 in
2044 4042 2277 4105 decimo
2318 4044 2635 4106 restitutio.

439 4137 660 4200 Rerum
685 4140 1154 4201 memorabilium
1205 4139 1394 4200 Index
1437 4140 1909 4220 copiosissimus.
1990 4139 2209 4201 Omnia
2249 4154 2479 4200 summa
2518 4138 2638 4201 fide

434 4246 619 4316 ‚atquc
641 4234 972 4314 diligentia,
987 4236 1056 4298 in·
1070 4236 1330 4311 laudem,
1355 4237 1625 4318 gloriam,
1642 4248 1825 4316 atque
1846 4237 2128 4299 honorem
2147 4236 2445 4302 illustriss.
2466 4234 2639 4295 Prin-

575 4350 744 4413 Delplt·
767 4354 814 4399 et
843 4348 958 4399 ναν.
985 4352 1112 4401 Clas.
1507 4350 1570 4404 Q'.
1598 4349 1736 4399 Cure.
2404 4354 2433 4396 5
2458 4347 2507 4395 Κ
