3222 4944
588 422 758 487 1570
1217 434 1389 479 cna.
1438 428 1828 478 saur-zonis
1876 428 2134 477 sueri..

588 608 699 647 nos
748 589 822 645 ab
866 602 937 644 eo
986 582 1293 642 defecisse.
1376 582 1511 649 Qua
1546 599 1609 639 re
1639 590 1834 639 motus
1864 576 2220 647 Alexander,
2249 575 2308 632 in
2342 571 2754 639 Macedoniam

588 696 683 743 est
711 699 997 755 reversus,
1026 688 1091 737 ut
1120 676 1337 737 sactum
1366 678 1425 735 in
1458 676 1696 735 Graecia
1725 676 2040 733 tumultum
2089 673 2444 750 reprimeret.
2525 668 2759 727 Theba-

588 780 683 837 nis
730 787 925 835 autem
961 773 1313 834 conantibus
1349 770 1689 850 presidium
1719 768 2172 828 Macedonicum
2201 786 2275 824 ex
2303 782 2438 823 arce
2479 763 2764 821 Thebana

590 880 793 951 (quam
824 868 1149 930 Cadmeam
1188 870 1427 941 vocant)
1467 866 1780 945 depellere,
1842 866 2146 943 ipsamque
2185 859 2450 940 praealtis
2483 858 2662 918 fossis
2705 868 2766 917 et

590 967 983 1029 munitissimo
1010 964 1165 1023 vallo
1194 963 1445 1023 cinctam
1477 961 1913 1032 obsidentibus,
1939 978 2039 1018 rex
2079 976 2214 1018 cum
2243 957 2501 1015 exercitu
2529 952 2764 1032 magnis

524 1098 531 1103 ·
588 1064 895 1123 itineribus
921 1058 1243 1139 profectus,
1270 1076 1389 1118 non
1416 1058 1593 1135 longe
1625 1076 1662 1114 a
1685 1055 1925 1126 Thebis,
1955 1072 2088 1113 cum
2119 1051 2390 1112 omnibus
2411 1048 2598 1127 copiis
2617 1066 2762 1109 con-

591 1157 767 1217 sedit.
854 1156 1063 1232 Itaque
1116 1154 1526 1213 Thebanorum
1571 1151 1777 1222 duces,
1831 1150 2110 1228 quoniam
2163 1145 2496 1205 Alexander
2553 1154 2766 1221 praeter

592 1270 753 1331 spem
780 1250 1039 1309 omnium
1070 1247 1410 1319 advenerat,
1438 1266 1507 1306 ac
1536 1247 1824 1306 incertum
1855 1254 2003 1317 erat,
2025 1255 2221 1303 utrum
2251 1241 2490 1313 auxilia,
2511 1239 2688 1299 sicuti
2725 1256 2766 1297 a

590 1344 895 1415 nonnullis
942 1344 1275 1403 civitatibus
1318 1343 1628 1421 petierant,
1659 1341 1774 1400 illis
1803 1338 2128 1400 adventura
2149 1345 2374 1408 essent,
2401 1336 2478 1395 de
2505 1332 2646 1394 belli
2673 1352 2766 1394 ra·

591 1441 750 1501 tione
798 1438 1133 1499 consultare
1189 1447 1513 1516 coeperunt.
1598 1436 1889 1496 Omnibus
1947 1434 2188 1494 tandem
2235 1430 2764 1501 consentientibus,

588 1535 731 1595 belli
756 1533 1067 1593 discrimen
1090 1532 1286 1593 subire
1312 1533 1766 1593 constituerunt.
1852 1530 1972 1591 Sed
1999 1549 2102 1590 rex
2131 1546 2274 1589 suos
2299 1528 2611 1598 continuit,
2647 1525 2762 1583 illis

590 1630 845 1709 spatium
874 1627 1594 1707 poenitendimutandique
1622 1625 1854 1687 consilii
1881 1625 2187 1697 exhibens,
2215 1621 2382 1681 nullo
2407 1632 2584 1701 paeto
2601 1621 2764 1679 futu-

590 1745 718 1785 rum
768 1724 1135 1795 existimans,
1175 1732 1243 1782 ut
1268 1740 1389 1781 una
1416 1722 1628 1783 civitas
1655 1738 1862 1781 contra
1891 1731 2088 1779 tantas
2115 1719 2321 1799 copias
2349 1727 2506 1777 esset
2536 1733 2766 1795 pugna-

590 1828 741 1877 tura.
828 1817 1105 1876 Habebat
1144 1816 1301 1875 enim
1344 1817 1498 1875 ultra
1534 1834 1710 1875 xxx.
1739 1814 1924 1874 millia
1951 1815 2238 1893 peditum,
2267 1813 2647 1892 equitumque
2689 1811 2766 1871 ad

594 1930 705 1982 ηπ.
736 1909 923 1971 millia
949 1927 1156 1970 omnes
1186 1909 1485 1969 laboribus
1510 1908 1740 1969 bellicis
1767 1907 2306 1969 exercitatissimos.
2365 1908 2630 1976 Quorum
2649 1906 2765 1967 vir-

590 2008 701 2067 tuti
728 2006 1009 2075 confisus,
1032 2004 1335 2064 Persicum
1365 2004 1585 2064 bellum
1615 2014 1978 2082 susceperat.
2061 2005 2216 2065 Sane
2243 2005 2294 2063 si
2319 2002 2585 2063 Thebani
2613 2010 2765 2062 tem·

589 2118 799 2180 porum
846 2100 1099 2159 fortunae
1123 2099 1451 2172 ,cedentes,
1500 2118 1710 2178 pacem
1738 2100 2069 2178 petiissent,
2096 2119 2199 2159 rex
2219 2118 2422 2159 eorum
2451 2096 2766 2178 postulatis

588 2194 975 2258 libentissime
1024 2195 1331 2254 annuisset
1356 2214 1371 2252 τ
1416 2212 1553 2253 nam
1598 2206 1724 2254 tum
1775 2194 2020 2257 mirifico
2067 2194 2268 2255 studio
2317 2194 2394 2255 ad
2442 2194 2656 2254 Persas
2705 2194 2764 2252 in

593 2290 797 2349 Asiam
827 2290 1073 2351 transire
1100 2291 1469 2369 properabat.
1557 2290 1708 2349 Cum
1739 2300 1938 2351 tamen
1975 2291 2152 2351 armis
2199 2309 2316 2350 non
2362 2290 2634 2369 precibus
2677 2290 2766 2351 uti

592 2384 1013 2456 decrevissent,
1056 2368 1393 2445 Alexander
1450 2383 1816 2445 Macedones
1871 2385 1950 2445 ad
2007 2386 2274 2465 praelium
2327 2385 2627 2444 instruxit.
2711 2386 2763 2441 A

592 2481 909 2552 Thebanis,
946 2490 1155 2540 contra
1177 2479 1385 2540 hostes
1408 2499 1654 2540 numero
1681 2481 1858 2559 longe
1887 2483 2236 2562 superiores,
2267 2481 2512 2541 summis
2541 2479 2765 2540 viribus

592 2585 771 2654 atque
786 2576 1028 2654 impigre
1051 2574 1415 2635 decertatum
1444 2585 1557 2636 est.
1641 2577 1878 2636 Interim
1925 2575 2378 2648 Macedonibus,
2417 2576 2520 2655 qui
2564 2585 2764 2636 custo·

593 2670 710 2730 dioe
740 2671 1021 2730 Cadmeoe
1064 2671 1215 2728 arcis
1256 2682 1568 2748 proeerant,
1614 2689 1651 2729 a
1697 2681 1864 2750 tergo
1907 2671 2344 2744 invadentibus,
2383 2672 2764 2732 circumventi

596 2764 883 2836 Thebani,
911 2767 971 2822 in
998 2765 1127 2842 ipsa
1152 2783 1358 2842 pugna
1382 2764 1743 2826 ceciderunt.
1825 2765 2018 2843 Capta
2039 2766 2246 2824 civitas
2271 2775 2334 2823 et
2352 2764 2598 2840 direpta,
2619 2765 2760 2823 urbs

594 2877 801 2920 eversa
840 2856 1107 2918 funditus
1151 2868 1266 2917 est.
1349 2858 1486 2926 Qua
1512 2858 1748 2936 quidem
1780 2859 1838 2917 in
1872 2879 1932 2918 re
1959 2877 2030 2918 ea
2057 2877 2216 2934 spes,
2243 2856 2420 2936 idque
2447 2857 2762 2917 consilium

596 2953 793 3012 extitit
816 2953 1177 3026 Alexandro,
1202 2963 1271 3012 ut
1294 2951 1633 3032 hujusmodi
1653 2970 1798 3012 casu
1827 2969 1898 3010 ac
1943 2961 2162 3012 terrore
2189 2952 2514 3031 compressi
2542 2953 2762 3025 Groeci,

594 3047 851 3124 quietius
876 3045 1019 3106 dum
1047 3049 1285 3108 abesset
1310 3056 1592 3126 agerent:
1621 3063 1755 3105 cum
1777 3045 1993 3124 alioqui
2017 3046 2424 3107 incusantibus
2445 3046 2762 3108 Thebanos
2819 3059 2826 3066 ·

596 3142 773 3202 sociis
821 3141 1227 3204 Phocensibus
1266 3161 1337 3203 ac
1383 3141 1818 3214 Plateensibus,
1855 3159 2074 3202 morem
2104 3161 2306 3221 gerere
2333 3141 2762 3222 gratificarique

596 3237 1061 3317 concupisceret.
1130 3239 1339 3298 Plures
1368 3255 1475 3298 sex
1495 3235 1751 3299 millibus
1777 3236 2096 3315 oppetiere,
2117 3237 2388 3317 Triginta
2413 3237 2598 3298 millia
2622 3257 2767 3298 ven·

594 3330 765 3404 didit,
794 3349 869 3391 ex
896 3333 1111 3410 quibus
1139 3333 1704 3412 quadringentorum
1729 3332 2126 3412 quadraginta
2151 3334 2506 3395 talentorum
2539 3335 2768 3412 argenti

596 3445 881 3488 summam
926 3428 1143 3505 coegit.
1224 3425 1465 3486 Pindari
1507 3428 1662 3486 vatis
1709 3437 1909 3488 tamen
1951 3428 2119 3505 stirpi
2163 3431 2446 3506 pepercit,
2474 3445 2764 3490 summum

592 3521 657 3580 in
696 3519 905 3579 doctos
953 3522 1211 3582 favorem
1260 3520 1736 3582 manifestissimo
1763 3522 2034 3600 exemplo
2061 3532 2333 3582 testatus.
2419 3523 2558 3581 Non
2593 3523 2764 3585 omit·

594 3612 841 3675 tendum
866 3613 1113 3690 videtur,
1140 3615 1302 3693 quod
1330 3615 1427 3675 hic
1449 3633 1642 3674 rerum
1665 3624 1964 3692 gestarum
1993 3614 2316 3675 Alexandri
2344 3615 2664 3694 scriptores
2686 3617 2762 3678 de

596 3705 893 3768 Timoclea
934 3710 1211 3770 referunt.
1294 3709 1489 3777 Quam
1538 3709 1834 3786 insignem
1879 3707 2219 3770 Thebanam
2245 3710 2542 3778 smminam
2577 3711 2766 3772 Thra·

596 3803 725 3864 cius
752 3803 993 3880 quidam
1008 3803 1131 3866 dux
1159 3813 1580 3882 constuprasse
1609 3802 1842 3862 dicitur.
1925 3803 2196 3884 Cumque
2217 3815 2356 3884 post
2377 3805 2440 3865 id
2466 3824 2598 3868 eam
2623 3827 2764 3886 pos·

596 3907 757 3958 ceret
785 3897 1119 3980 pecuniam,
1146 3896 1310 3958 solus
1335 3915 1372 3956 a
1394 3894 1638 3956 muliere
1659 3895 1738 3958 ad
1759 3905 2004 3976 puteum
2023 3899 2308 3960 seductus
2333 3899 2536 3974 fuisse,
2561 3902 2622 3960 in
2641 3920 2761 3981 quo

601 3991 822 4052 diceret
847 3993 1191 4074 pretiosiora
1214 4009 1408 4051 rerum
1438 4008 1677 4051 suarum
1718 3992 2020 4054 occultari.
2089 3994 2320 4054 Ducem
2361 3993 2540 4072 igitur
2587 4015 2764 4078 super

600 4103 671 4148 os
696 4088 883 4166 putei,
911 4085 1220 4166 spectandi
1247 4103 1452 4159 causa,
1479 4085 1844 4161 inclinatum,
1869 4088 1978 4150 illa
2007 4089 2068 4148 in
2105 4088 2460 4169 profundum
2485 4075 2758 4164 detrusit,

604 4197 973 4270 snper-neque
999 4181 1229 4262 injectis
1258 4179 1573 4264 lapidibus,
1600 4183 1912 4263 oppressit.
1979 4183 2075 4251 Ob
2101 4184 2164 4252 id
2189 4185 2420 4252 facinus
2439 4185 2760 4252 adductam
