3222 4944
608 397 780 464 1618
1317 401 1705 452 aecensus
1758 397 2193 448 EDI'HONUM

611 585 729 625 van
778 561 998 622 andere
1041 559 1314 638 plaatsen
1365 555 1510 616 door
1556 554 1604 614 1.
1658 550 2113 613 Freinshemius.
2200 545 2366 606 Allee
2416 543 2566 605 door
2616 543 2665 603 Ι.
2718 543 2810 606 Η.
2870 547 2885 558 “

612 658 1001 721 Glazemaker
1028 657 1117 716 uit
1143 653 1246 714 het
1277 653 1466 734 Latyn
1513 650 1783 712 vertaalt.
1835 645 2135 708 Amsterd.
2176 645 2259 724 by
2286 642 2489 704 Gerrit
2515 661 2632 702 vau
2662 639 2811 702 Goe-

612 757 886 835 desberg.
918 759 977 815 8.

694 853 852 912 1683
895 849 1124 910 Eadem
1155 865 1368 909 recusa
1393 844 1539 906 ibid.
1570 847 1633 904 8.

695 950 856 1010 1694
898 948 975 1017 Q.
1008 947 1198 1006 Curtii
1219 943 1464 1004 historie
1489 960 1602 1001 van
1627 937 1967 1000 Alexander
1994 937 2115 996 den
2145 941 2413 1016 grooten.
2499 932 2813 1012 Antwerp.

615 1042 1096 1108 8.—Novissime
1125 1039 1365 1101 tandem
1394 1036 1640 1118 Belgice
1677 1053 2001 1098 conversus
2028 1032 2251 1115 prodiit
2281 1029 2546 1103 Curtius,
2592 1025 2819 1088 tabulis

615 1142 801 1202 etiam
831 1141 890 1199 in
920 1159 1005 1200 ωε
1032 1138 1236 1199 incisis
1267 1144 1610 1206 exornatus,

705 1240 859 1296 1728
903 1232 1236 1297 Amstelod.
1273 1237 1335 1294 8.

1527 1377 1905 1439 SUECICA.

705 1513 861 1572 1695
903 1510 1179 1571 Holmiae.
1215 1513 1271 1570 8.
1299 1507 1619 1592 interprete
1646 1509 1746 1569 Jo.
1776 1506 1999 1588 sylvio,

1546 1670 1889 1731 DANICA.

703 1822 860 1880 1704
903 1817 1166 1879 Hafniae.
1195 1821 1254 1880 8.
1295 1818 1724 1898 supplementa
1770 1815 2156 1877 Freimihemii
2204 1824 2266 1875 et
2293 1812 2441 1874 liber
2471 1813 2658 1873 Curtii
2696 1823 2825 1873 ter-

623 1916 743 1976 tius
771 1933 876 1994 per
899 1913 1350 1994 Wingaardum.

1491 2059 1939 2119 POLONICA.

712 2175 866 2234 1624
908 2174 1230 2234 Cracoviae.
1255 2173 1360 2234 fol.

1532 2333 1912 2394 RUSSICA.

711 2465 865 2525 1710
909 2463 1200 2525 Moscuae.
1228 2468 1289 2527 4.
1319 2464 1639 2543 interprete
1670 2463 1804 2523 Elia
1834 2461 2194 2542 Kopvewitz.

627 2876 912 2939 PAUGAE
945 2892 1098 2955 quae
1127 2872 1623 2954 subsequuntur
1652 2871 1981 2935 editiones
2008 2873 2119 2937 vel
2148 2872 2220 2936 in
2250 2872 2657 2955 praecedenti
2688 2872 2831 2938 Re-

629 2994 832 3038 censu
864 2973 1133 3037 omissae
1163 2978 1340 3049 sunt,
1385 2972 1496 3035 vel
1541 2972 1911 3055 Bipontina
1940 2972 2251 3051 editione,
2282 2994 2369 3037 ex
2397 2994 2532 3057 qua
2558 2975 2831 3040 desum-

628 3083 737 3141 tus
766 3078 894 3150 est,
923 3074 1327 3139 recentiores
1358 3081 1538 3137 sunt.

717 3176 1146 3242 Editionibus
1167 3194 1332 3239 saec.
1359 3190 1493 3239 XV.
1506 3174 1653 3259 jam
1670 3177 1921 3239 notatis
1941 3176 2255 3244 addenda
2277 3184 2379 3244 est
2398 3180 2557 3258 alia,
2578 3178 2829 3244 Romae

628 3300 905 3358 excusa,
955 3296 1216 3361 nempe,
1272 3277 1580 3342 Historia
1631 3276 2001 3342 Alexandri
2067 3280 2317 3363 Magni,
2378 3282 2707 3365 impressa
2766 3301 2832 3346 a.

628 3382 820 3445 1490.
865 3400 907 3444 a
951 3378 1187 3463 Stepb.
1236 3379 1521 3445 Planck.
1552 3382 1685 3444 4to.
1732 3380 1897 3444 Vid.
1926 3380 2300 3446 Audiffredi
2332 3382 2548 3448 Catal.
2584 3384 2831 3449 Histo-

627 3481 1108 3548 rico·criticum
1141 3480 1596 3546 Romanarum
1630 3482 2005 3546 editionum
2039 3503 2201 3546 saec.
2236 3500 2363 3547 xv.
2396 3508 2464 3569 p.
2490 3487 2642 3551 293.

717 3583 968 3661 Quinte
1001 3580 1210 3645 Curse
1239 3582 1322 3647 de
1350 3584 1420 3647 la
1447 3585 1558 3649 vie
1607 3582 2063 3649 d'Alexandre
2090 3585 2155 3648 le
2188 3594 2444 3669 grante.
2503 3589 2640 3653 Par
2670 3588 2829 3654 Ant.

631 3682 925 3763 Verand,
943 3682 1243 3769 (circiter
1262 3705 1325 3749 a.
1345 3684 1575 3769 1490.)
1595 3688 1667 3749 in
1685 3687 1801 3750 fol.
1822 3686 2031 3751 Goth.
2078 3661 2259 3752 H⁶aec
2292 3696 2400 3753 est
2422 3691 2641 3773 prima
2662 3674 2832 3754 'Gal-

629 3790 765 3853 lica
794 3788 1013 3851 versio
1039 3804 1060 3846 z
1101 3790 1122 3823 ‘
1155 3786 1222 3849 M
1233 3786 1375 3865 aiS‚’
1418 3787 1514 3853 ait
1545 3788 1819 3865 Brunet,
1853 3786 2131 3851 Manuel
2161 3787 2250 3854 du
2281 3788 2466 3855 Libr.
2495 3794 2621 3859 Sec.
2670 3798 2832 3857 tom.

636 3907 684 3954 1.
713 3910 784 3975 p.
811 3890 966 3953 483.
1009 3892 1032 3923 ‘
1055 3889 1170 3971 qui
1197 3894 1300 3953 est
1325 3890 1684 3973 beaucoup
1716 3890 1869 3972 plus
1898 3908 2071 3967 rare,
2102 3908 2235 3973 que
2264 3890 2706 3957 recherchee?

719 3990 808 4069 Q.
840 3990 1055 4056 Curtii
1101 3988 1264 4055 Rufi
1311 3989 1396 4054 de
1443 3992 1643 4055 rebus
1676 3993 1880 4073 gestis
1908 3991 2283 4057 Alexandri
2315 3992 2555 4076 Magni
2587 3996 2833 4060 Histo-

630 4094 869 4159 riarum
903 4092 1089 4157 Libri
1131 4107 1210 4154 x.
1257 4111 1413 4157 cum
1443 4094 1993 4161 annotationibus
2022 4094 2263 4160 Desid.
2293 4092 2580 4161 Erasini.
2616 4096 2837 4161 PariS.

633 4194 820 4275 apud
869 4194 1037 4260 Sim.
1087 4193 1481 4275 Colinaeum,
1530 4196 1725 4261 1543.
1755 4196 1908 4262 Svo.
2002 4198 2213 4263 Extat
2239 4200 2581 4283 exemplar
2608 4200 2677 4263 in
2710 4198 2832 4263 Bi-

631 4294 865 4358 blioth.
897 4294 1406 4361 Advocatorum
1440 4296 1833 4381 Edinburgi.
