3222 4944
609 408 780 477 1398
1301 424 1520 475 κοτε.
1566 423 1971 474 νΑιιιοιιυΜ
2020 423 2103 473 ιιι

608 564 804 630 jussit!
855 560 1137 623 ἀποθνήσκει
1193 562 1307 628 πρὶς
1343 562 1666 629 Ἀλεξάνδρου,

615 641 811 690 habent
827 640 1016 690 Graeca
1034 656 1050 689 ι
1087 640 1298 689 Curtius
1318 639 1444 690 nihil
1467 640 1532 689 de
1553 641 1664 705 ejus

612 716 828 765 interitu
843 717 1022 765 tradit.
1085 716 1398 766 Plutarchus
1417 731 1533 781 cap.
1551 720 1668 767 1⁰0.

614 791 824 842 videtur
848 793 985 841 velle
1018 792 1178 856 ipsius
1205 792 1484 843 Alexandri
1513 808 1670 843 manu

614 875 937 931 peremptum
958 884 974 915 ε
1003 867 1018 893 ‘
1041 866 1122 915 Ex
1148 865 1514 917 rebellantibus
1548 867 1672 917 bar·
1738 878 1947 930 quaqua
1969 863 2034 913 ad
2054 864 2327 914 Orientem
2348 872 2556 927 pateret
2578 866 2718 915 orbis
2740 866 2809 915 id·

615 942 756 991 baris
781 940 1090 992 Orsodatem
1115 940 1335 1004 ipsemet
1356 940 1568 992 confixit
1583 942 1673 1004 ja-

616 1014 780 1065 culis.'
845 1014 1001 1063 Hunc
1024 1014 1160 1063 enim
1185 1015 1402 1079 intelligi
1435 1030 1539 1066 non
1561 1014 1673 1080 qni-

617 1090 736 1139 dem
763 1086 978 1145 affirmo,
999 1088 1089 1138 sed
1113 1097 1282 1139 tamen
1302 1090 1503 1143 dubito.
1559 1092 1671 1141 Sci-

615 1176 731 1213 mus
773 1164 910 1211 enlm
967 1170 1213 1227 quantum
1272 1166 1564 1215 variationis
1618 1165 1671 1217 in

619 1238 869 1300 ejusmodi
886 1238 1120 1289 barbaris
1137 1239 1425 1289 nominibus
1443 1241 1494 1289 in
1511 1242 1675 1304 scrip·

621 1318 787 1363 torum
811 1312 956 1362 libris
979 1315 1291 1375 reperiatur.
1329 1314 1440 1377 Ipsi
1463 1315 1672 1380 quidem

621 1387 843 1435 Arriano
869 1400 957 1436 m.
973 1392 1022 1436 2.
1036 1391 1088 1437 ’1.
1121 1390 1138 1416 ‘
1153 1388 1427 1439 Barsaiites
1451 1389 1675 1441 Aracho-

621 1470 789 1515 torum
810 1470 1016 1525 satrapa
1031 1462 1052 1486 ⁸
1066 1463 1277 1513 dicitur.
1311 1464 1533 1515 Freiash.

691 1537 809 1600 Spei
829 1553 887 1587 ac
905 1537 1107 1600 nir-iam]
1141 1540 1280 1587 Leve
1303 1546 1403 1603 est,
1435 1540 1526 1589 sed
1548 1540 1674 1605 qnid

624 1619 770 1663 vetat
829 1618 1001 1661 tamen
1065 1624 1292 1673 monere,
1329 1628 1386 1663 uo
1426 1628 1524 1677 pro
1569 1620 1676 1676 ant,

623 1687 761 1751 quod
818 1690 972 1751 vulgo
1033 1695 1164 1749 erat,
1207 1702 1289 1737 me
1352 1691 1677 1751 reposuisse?

628 1760 846 1809 Modiin.

690 1837 720 1898 ς
737 1838 771 1883 4
795 1834 1154 1897 Getarumque]
1187 1834 1381 1884 Melius
1401 1832 1531 1885 fluat
1561 1850 1677 1887 ora·

625 1908 717 1973 tio,
743 1909 992 1957 Gemmas
1003 1923 1199 1972 qaoque.
1229 1909 1511 1960 Acidalius.
1549 1910 1677 1961 For·

621 1989 700 2044 te,
735 1983 982 2032 Gau-oxus
1021 1998 1219 2046 qaoque.
1287 1984 1434 2034 Idem
1467 1985 1681 2036 volebat

629 2055 910 2107 Acidalius.
947 2057 1166 2107 Fran-³11.

691 2136 720 2197 ξ
741 2138 771 2180 6
811 2133 874 2181 In
895 2134 1155 2183 castodiens
1175 2134 1311 2197 dato]
1349 2136 1544 2185 Vocem
1567 2139 1680 2187 dato

625 2208 1038 2259 membranarum
1063 2209 1280 2259 consilio
1305 2210 1492 2274 adjeci,
1533 2220 1683 2278 pote·

627 2290 710 2333 rat
745 2291 914 2334 tamen
957 2282 1106 2346 ferri,
1168 2286 1306 2349 qnod
1345 2288 1681 2351 vulgo·erat,

627 2358 793 2420 Igitur
807 2356 1060 2420 Massaga
1081 2364 1127 2408 et
1143 2360 1309 2421 regulo
1328 2361 1382 2409 ia
1401 2364 1683 2425 meodian,

629 2434 891 2499 elephantis
917 2434 1080 2484 Taxili
1099 2436 1314 2490 traditis.
1341 2438 1424 2499 ξε.
1453 2436 1681 2488 Modius.

692 2511 721 2572 §
743 2514 775 2559 8
797 2509 1055 2574 Reatinis]
1080 2509 1358 2574 Hydaspis.
1395 2510 1595 2562 Auctor
1614 2513 1681 2562 de

630 2585 967 2648 Fluminibus,
987 2585 1074 2652 qui
1105 2585 1419 2638 Plutarchus
1450 2587 1582 2639 falso
1605 2589 1682 2638 in·

629 2661 895 2723 scribitur,
928 2676 1042 2711 cnm
1079 2662 1294 2711 nominis
1323 2668 1552 2727 etymon,
1587 2678 1683 2712 seu

627 2735 852 2786 fabulam
891 2737 1064 2799 potius
1097 2736 1165 2783 de
1197 2749 1318 2799 rege
1340 2750 1396 2786 se
1418 2738 1472 2786 in
1493 2737 1683 2789 flumen

629 2811 898 2873 injiciente
941 2810 1290 2872 exposuisset,
1328 2825 1394 2861 ex
1439 2813 1686 2879 Dercyilo

631 2898 722 2934 ιιι.
738 2885 806 2934 de
828 2885 1094 2934 Montibus
1115 2882 1294 2946 refert,
1331 2894 1554 2937 montem
1587 2887 1685 2964 fip-

632 2960 755 3009 mini
769 2958 1060 3023 subjectum
1084 2960 1336 3023 appellari
1359 2962 1686 3026 elephantem

631 3037 762 3084 hauc
805 3035 872 3084 ob
915 3048 1164 3085 caussam.
1228 3033 1530 3088 Alexandro
1565 3055 1685 3091 cum

633 3111 870 3161 exercitu
888 3110 1088 3160 Indiam
1113 3111 1395 3174 invadenti,
1425 3113 1586 3165 visum
1609 3117 1685 3166 in·

633 3187 778 3249 colis,
797 3187 952 3237 armis
975 3187 1349 3237 occurrendum
1371 3203 1505 3240 esse.
1559 3192 1687 3242 Pori

635 3277 757 3313 vero
789 3271 1042 3313 terrarum
1066 3264 1268 3314 illarum
1296 3266 1436 3330 regis
1459 3267 1691 3331 elephas,

633 3351 738 3401 quo
757 3339 1061 3396 vehebatur.
1093 3346 1311 3402 repente
1339 3347 1496 3391 ostro
1517 3344 1689 3405 perci·

635 3421 720 3464 tus
742 3415 994 3464 tumulum
1017 3414 1148 3464 Solis
1169 3415 1491 3478 conscendit,
1509 3416 1690 3482 ibique

634 3489 858 3537 hnmana
879 3503 1006 3538 voce
1037 3503 1178 3549 usus,
1210 3491 1434 3540 Domine
1467 3505 1575 3551 rex,
1614 3493 1690 3540 in·

638 3560 770 3624 quit,
829 3561 916 3624 qui
961 3574 1125 3624 genus
1171 3560 1239 3610 ab
1283 3561 1513 3626 Gegasio
1567 3563 1692 3626 (ἂπδ

637 3633 900 3700 Μυσίου)
923 3635 1090 3699 ducis,
1109 3635 1234 3685 nihil
1262 3646 1444 3687 contra
1465 3636 1691 3688 Alexan-

637 3711 788 3761 drum
811 3711 1043 3766 moliare,
1064 3719 1146 3760 est
1179 3710 1316 3761 enim
1338 3711 1472 3762 Jove
1507 3721 1688 3765 natus:

639 3795 697 3836 et
717 3801 834 3836 cum
862 3785 1006 3835 dicto
1039 3785 1301 3836 occubuit.
1369 3789 1486 3839 Quo
1520 3789 1691 3839 Porus

638 3863 838 3924 audito,
861 3860 1096 3925 trepidus
1120 3861 1186 3909 ad
1219 3859 1502 3911 Alexandri
1523 3877 1694 3926 genua

637 3937 848 3993 accidit.
871 3935 1355 4000 pacemqueoravit,
1374 3951 1474 4000 qua
1494 3939 1693 4000 potitus

1742 564 1935 628 Delph.
1956 561 2111 625 Not.]
2134 563 2227 615 sed
2250 564 2331 615 vel
2348 563 2549 616 Grecis
2570 565 2793 630 scripto-

1744 642 1904 703 ribus,
1922 642 1997 690 ita
2016 648 2139 691 ante
2161 654 2279 693 eum
2300 641 2672 704 referentibus,
2709 644 2793 693 val

1744 725 1888 767 recte
1910 730 1975 765 ex
2000 729 2217 778 persona
2245 717 2389 765 Darii
2413 730 2543 766 vana
2566 724 2799 767 ostenta·

1742 792 1883 842 tione
1906 804 2114 855 regnum
2148 806 2295 841 sunm
2325 792 2704 854 exaggerantis,
2738 799 2799 842 et

1744 954 1895 989 omne
1933 938 2115 989 ditioni
2156 953 2263 988 suae
2308 940 2671 1004 adscribentis,
2713 942 2796 989 vel

1744 1014 2074 1078 adtingentis,
2112 1013 2179 1062 ad
2220 1014 2508 1076 aagendam
2556 1014 2807 1077 majesta-v

1746 1096 1884 1215 Emi
1916 1096 1975 1139 et
2014 1088 2379 1139 deterrendum
2425 1088 2796 1140 Alexandrum.

1820 1180 1849 1214 a
1886 1198 1901 1215 .

1812 1241 1842 1303 ς
1868 1243 1928 1288 lo
1957 1237 2209 1288 Ventorum
2240 1253 2487 1301 corporum
2506 1239 2671 1302 meles]
2714 1236 2801 1288 In-

1748 1320 1931 1377 gentes
1954 1312 2143 1363 bellate
2166 1314 2464 1377 elephanti:
2500 1326 2656 1377 snpra
2676 1317 2797 1365 val.

1747 1392 1831 1439 ⁸2.
1861 1390 1878 1418 ⁸
1899 1387 2041 1437 Nudi
2074 1387 2519 1451 amplectebantur
2553 1395 2805 1449 armatos,

1748 1470 1806 1512 et
1836 1463 2035 1526 ingenti
2066 1475 2340 1525 corporum
2370 1464 2506 1513 mole
2536 1476 2705 1513 secum
2733 1462 2797 1512 ad

1749 1544 1941 1588 terram
1958 1538 2310 1600 detrahentes,
2322 1539 2547 1599 ipsorum
2563 1537 2680 1586 telis
2693 1536 2803 1601 ple·

1752 1627 1940 1676 rosque
1962 1611 2265 1661 fodiebant!
2304 1612 2479 1661 cellar.

1818 1687 2061 1749 Irritatae]
2081 1687 2219 1738 Quid
2233 1688 2386 1749 juvat
2404 1695 2509 1735 tam
2528 1684 2807 1735 sollicitum

1750 1773 1884 1815 esse,
1905 1758 2035 1821 [vid.
2061 1760 2249 1822 Delph.
2275 1759 2424 1822 Not.]
2452 1774 2607 1823 quum
2644 1762 2661 1788 ‘
2676 1760 2804 1821 ipso

1752 1840 2011 1883 vastorum
2034 1848 2307 1896 corporum
2330 1835 2492 1883 moles
2508 1833 2524 1857 '
2558 1833 2805 1894 elephan-

1752 1915 1835 1959 tos
1858 1908 1981 1958 satis
2016 1909 2330 1972 exprimant,
2368 1922 2483 1973 quoe
2520 1908 2677 1957 toties
2710 1909 2806 1958 hac

1750 1982 2023 2049 περιφράσσι
2042 1992 2163 2035 sunt
2182 1984 2473 2047 insignito?
2504 1983 2654 2032 Sanis-

1816 2058 1973 2109 Δανα
1991 2058 2300 2121 fatigabant]
2333 2058 2503 2121 Vulgo
2536 2056 2807 2120 legebatur

1751 2150 1909 2198 eam,
1923 2136 2057 2184 malo
2081 2134 2229 2184 illud.
2250 2134 2464 2183 Medias.
2530 2133 2660 2183 Cum
2682 2146 2807 2181 con-

1754 2209 2086 2259 cordantibus
2115 2208 2247 2257 Mss-
2279 2208 2485 2257 mallem
2523 2207 2701 2270 legere
2722 2220 2809 2255 aa·

1753 2299 1863 2343 res‚·
1894 2283 2175 2348 nam-quid
2220 2284 2280 2333 de
2322 2283 2559 2332 industria
2598 2283 2811 2331 irritata

1755 2362 1826 2410 sit
1856 2374 1961 2409 non
1984 2359 2158 2418 rideo,
2180 2358 2276 2408 nisi
2306 2366 2367 2408 nt
2402 2358 2467 2407 ad
2498 2370 2649 2406 aures
2690 2356 2811 2405 hos·

1758 2438 1886 2487 tium
1920 2435 2218 2501 perveniret
2235 2432 2549 2485 ‘horrendus
2582 2430 2809 2484 stridor:

1756 2512 1907 2562 Saok-

1821 2589 1850 2650 ᾖ
1893 2590 1953 2636 u
2004 2587 2211 2650 Ceparia
2272 2585 2406 2634 boaae
2448 2583 2547 2648 spei
2597 2582 2809 2646 pectora]

1757 2659 1969 2712 Animos
2002 2662 2367 2720 Macedonum,
2397 2659 2685 2725 quamlibet
2720 2672 2813 2721 ap·

1758 2743 1841 2786 tos
1875 2739 2023 2786 honre
2056 2736 2165 2799 spei
2199 2742 2258 2784 et
2286 2735 2512 2789 fiducie,
2552 2733 2707 2782 etiam
2750 2746 2811 2782 se

1760 2825 2003 2876 suamque
2060 2812 2308 2859 virtutem
2352 2821 2493 2871 sepe
2543 2815 2813 2872 expertos,

1758 2899 1897 2936 nnnc
1917 2885 2078 2934 hostis
2110 2891 2269 2948 atque
2303 2883 2467 2932 amnis
2498 2889 2813 2933 terruerant.

1763 2962 1937 3012 Gellar.

1826 3039 1854 3100 §
1879 3041 1942 3086 12
1986 3035 2193 3085 Saum
2213 3033 2542 3097 medebam
2572 3031 2813 3095 wentam]

1758 3113 1847 3164 Sic
1871 3111 2008 3177 apud
2037 3112 2233 3161 Livium
2258 3123 2348 3160 ιιι.
2368 3112 2453 3158 61.
2478 3112 2556 3158 1⁰.
2593 3107 2813 3158 Horatio

1760 3187 1896 3237 duce
1932 3188 1950 3216 ‘
1971 3199 2128 3250 parva
2161 3183 2445 3234 certamina
2476 3183 2529 3232 in
2562 3195 2813 3232 summum

1764 3264 1923 3314 totius
1942 3260 2279 3326 profecerant
2298 3259 2449 3322 spei!
2483 3259 2555 3308 Et
2576 3256 2701 3308 ibid.
2716 3271 2820 3306 vn.

1762 3342 1845 3389 82.
1864 3343 1915 3387 5.
1946 3337 2185 3387 Valerius
2198 3335 2217 3362 ⁴
2232 3333 2432 3384 levibus
2448 3331 2817 3382 certaminibus

1766 3420 1941 3464 tentat
1978 3409 2216 3461 hostem!
2269 3415 2324 3457 et
2376 3419 2600 3456 xxxvn.
2640 3409 2721 3456 18.
2764 3409 2815 3455 4.

1762 3491 1779 3519 ⁴
1799 3488 2008 3539 Attalus
2030 3499 2123 3550 per
2157 3483 2293 3532 levia
2314 3483 2597 3544 certamina
2628 3494 2817 3544 exper-

1766 3571 1849 3613 tus
1870 3562 2013 3610 nulla
2042 3565 2193 3622 parte
2217 3557 2399 3607 virium
2423 3572 2481 3607 se
2504 3569 2683 3622 parem
2702 3569 2818 3606 esse

1764 3639 1921 3694 hosti,
1942 3638 2079 3686 intra
2100 3634 2287 3685 moenia
2304 3649 2360 3685 se
2376 3633 2615 3700 recepit.'
2647 3635 2818 3684 Multa

1766 3713 1867 3763 hoc
1900 3725 2062 3776 genus
2096 3711 2309 3774 passim.
2374 3711 2511 3760 Vide
2543 3709 2818 3762 Dissertat.

1768 3787 1988 3840 Amirati
2010 3799 2130 3836 xix.
2154 3790 2200 3836 1.
2237 3786 2454 3836 steinah-

1830 3865 1861 3930 ᾖ
1885 3868 1945 3912 15
1980 3861 2238 3911 Teneritas
2251 3860 2411 3924 felix]
2439 3859 2597 3910 Edita
2630 3851 2815 3926 priora',

1768 3940 2012 3991 temeritas
2026 3937 2227 3997 tardis,-
2248 3935 2339 3985 sed
2356 3936 2674 3987 emendatius
2692 3937 2820 3986 Mss-

637 4019 866 4064 montem
887 4025 918 4060 a
941 4011 1092 4061 belua
1113 4009 1440 4074 elephantem
1462 4013 1695 4076 appella·
1753 4017 1904 4080 felix,
1926 4026 2043 4063 nam
2066 4013 2109 4062 si
2133 4012 2417 4073 temeritas,
2439 4011 2604 4076 inquit
2626 4013 2819 4064 Grute-

642 4087 735 4139 vit.
768 4087 1004 4137 ΜΝ.
1085 4086 1312 4136 Videtur
1353 4087 1446 4137 ilio
1489 4089 1695 4140 nomine

645 4165 847 4226 Geguta·
889 4163 955 4212 ad
991 4162 1226 4225 Gangem
1258 4162 1435 4214 alludi.
1469 4164 1693 4216 Freiasls.

644 4237 730 4287 Ne
745 4237 926 4290 Curtio
939 4239 1036 4290 hoc
1050 4235 1253 4302 σφάλμα
1267 4237 1549 4304 adscribas,
1561 4241 1697 4306 [vid.

1768 4107 1875 4156 rus,
1895 4089 2079 4141 infelix
2112 4086 2289 4146 fuerit,
2324 4099 2389 4134 eo
2412 4087 2523 4149 ipso
2546 4086 2641 4136 sibi
2676 4087 2816 4136 ultro

1768 4173 1931 4236 ponat
1972 4163 2179 4215 modum
2230 4175 2443 4212 necesse
2486 4168 2590 4223 est,
2648 4175 2818 4225 neque

1772 4259 1879 4302 tam
1900 4247 2106 4298 dicatur
2120 4243 2408 4306 temeritas,
2422 4255 2573 4308 quarn
2590 4237 2822 4305 infamis,
