3222 4944
588 801 1624 918 ‚CHRISTOPHORI
1727 800 2440 896 BRUNONIS

880 1059 1676 1127 SUPPLEMENTUM
1722 1059 1830 1125 IN
1875 1060 2058 1126 LIB.
2103 1060 2162 1124 Ι.

431 1540 809 1601 Pinum-us
838 1535 1097 1599 Macedo
1122 1536 1247 1616 (qui
1278 1537 1499 1615 primus
1526 1538 1788 1597 omnium
1815 1558 2019 1618 regum
2048 1541 2176 1619 ejus
2216 1540 2434 1620 gentis,
2473 1539 2610 1599 Ma-

432 1634 697 1695 cedonia
737 1651 1005 1714 regnum,
1048 1633 1299 1693 subacta
1336 1642 1469 1693 tota
1514 1631 1772 1704 Graecia,
1825 1634 1902 1692 ud
1945 1654 2235 1694 summam
2280 1633 2610 1713 potentiam

431 1729 651 1805 evexit)
674 1730 971 1811 Amyntoe,
994 1729 1111 1789 wiri
1150 1726 1615 1809 prudentissimi,
1655 1728 2046 1807 omnibusque
2083 1729 2468 1810 imperatoriis
2494 1728 2612 1787 vir-

429 1824 653 1887 tutibus
678 1825 970 1898 instructi,
1010 1824 1166 1885 filius
1206 1825 1343 1886 fuit.
1427 1824 1485 1883 Is
1514 1824 1832 1903 Amyntas,
1857 1844 1932 1885 ex
1961 1824 2252 1904 Eurydice
2281 1841 2462 1884 uxore
2489 1834 2610 1881 tres

426 1919 581 1980 filios
606 1930 968 2001 susceperat,
987 1920 1413 1991 Alexandrum,
1438 1918 1806 1991 Perdiccam,
1833 1932 1896 1981 et
1921 1918 2256 2000 Philippum
2287 1916 2612 1979 Alexandri

428 2014 639 2094 Magni
664 2026 911 2097 patrem,
938 2026 1117 2095 atque
1144 2016 1325 2077 filiam
1354 2016 1710 2095 Euryonem.
1791 2016 2030 2077 Insidiis
2057 2027 2252 2077 autem
2281 2012 2606 2093 Eurydices

428 2110 653 2184 uxoris,
697 2132 835 2190 qum
880 2112 1120 2192 nuptias
1166 2112 1387 2191 generi,
1430 2112 1624 2172 mariti
1671 2121 1858 2173 morte
1883 2122 2084 2191 pacta,
2107 2109 2498 2173 occidendum
2520 2108 2612 2167 vi·

428 2226 581 2280 rum,
619 2226 985 2287 regnumque
1009 2207 1277 2268 adultero
1304 2207 1658 2267 tradendum
1691 2218 2055 2289 susceperat,
2095 2224 2414 2287 oppressus
2457 2204 2612 2264 fuis-

431 2312 545 2375 set,
592 2303 655 2361 ni
702 2304 825 2363 filia
869 2301 1209 2382 pellicatum
1252 2303 1477 2374 matris,
1526 2314 1587 2363 et
1637 2302 1878 2364 sceleris
1929 2304 2176 2365 consilia
2227 2300 2610 2382 prodidisset.

431 2398 580 2461 Post
605 2408 853 2460 mortem
878 2398 1177 2478 Amyntoe,
1205 2396 1543 2458 Alexander
1568 2398 1754 2478 major
1780 2408 1924 2460 natu
1961 2400 2137 2471 filius,
2177 2416 2362 2479 regno
2389 2397 2612 2477 potitus

429 2505 541 2557 est.
626 2495 743 2564 Qui
796 2495 947 2556 inter
992 2493 1165 2554 initia
1205 2483 1394 2574 regni,
1434 2504 1688 2574 cogente
1723 2513 1868 2555 sane
1897 2494 2212 2556 durissimo
2239 2494 2614 2556 necessitatis

429 2591 575 2663 telo,
613 2591 833 2652 bellum
872 2590 949 2650 ab
1000 2589 1210 2669 Illyriis
1259 2599 1439 2668 pecta
1476 2590 1772 2662 mercede,
1815 2589 2076 2668 datoque
2123 2587 2400 2668 Philippo
2433 2589 2614 2648 fratre

430 2686 661 2761 obside,
688 2685 957 2748 redemit.
1012 2685 1327 2766 Interiecto
1355 2704 1589 2766 quoque
1619 2695 1903 2765 tempore,
1927 2703 2036 2762 per
2059 2682 2318 2743 eundem
2343 2683 2616 2742 obsidem

430 2802 563 2843 cum
613 2782 909 2844 Thebanis
958 2783 1211 2862 gratiam
1257 2782 1423 2862 pacis
1470 2780 1832 2843 reconciliat.
1915 2779 2067 2848 Quoe
2107 2797 2204 2840 res
2231 2777 2508 2859 Philippo
2533 2779 2614 2840 ad

356 2881 367 2892 '
431 2881 685 2940 maxima
722 2879 983 2959 egregio
1022 2877 1239 2940 indolis
1282 2880 1644 2941 incrementa
1671 2876 1910 2957 profuit.
1993 2873 2298 2956 Siquidem
2323 2885 2454 2936 tota
2475 2895 2614 2936 cus-

432 2973 700 3034 todiendi
770 2975 937 3054 pueri
1004 2992 1149 3035 cura
1219 2975 1667 3055 Epaminondae,
1731 2973 2140 3034 strenuissimo
2197 2972 2614 3033 Thebanorum

434 3068 593 3144 duci,
619 3081 797 3150 atque
822 3069 1181 3148 philosopho
1206 3072 1720 3149 praestantissimo,
1743 3069 1856 3132 hac
1885 3069 2228 3130 conditione
2253 3068 2618 3130 demandata

434 3177 551 3238 est,
592 3179 661 3226 ut
704 3165 1081 3226 commissum
1126 3165 1237 3226 sibi
1282 3185 1525 3244 puerum
1576 3165 1892 3244 diligenter
1939 3174 2218 3234 servaret,
2273 3176 2335 3223 et
2381 3183 2616 3225 summo

435 3257 631 3319 studio
678 3259 737 3317 in
786 3258 849 3318 id
882 3258 1059 3335 juxta
1088 3258 1473 3330 incumberet,
1496 3271 1569 3320 ut
1590 3259 1852 3320 moribus
1879 3259 2144 3336 principe
2168 3257 2390 3335 dignis,
2431 3269 2616 3338 atque

436 3353 702 3414 honestis
748 3350 1073 3430 disciplinis
1120 3371 1299 3430 quarn
1340 3354 1561 3432 optime
1602 3353 1982 3412 imbueretur.
2064 3353 2330 3410 Fovebat
2363 3371 2438 3412 ea
2461 3363 2616 3414 tem·

434 3458 665 3531 pestate
710 3446 1154 3509 laudatissimus
1194 3447 1469 3528 princeps
1510 3448 1672 3508 domi
1713 3445 1836 3505 filio
1871 3463 1980 3506 suo
2009 3445 2434 3526 Epaminondae
2459 3465 2614 3525 prte-

434 3554 731 3624 eeptorem
784 3541 1265 3624 Pythagoricum,
1332 3546 1445 3604 sub
1497 3562 1616 3621 quo
1673 3541 1988 3623 Philippus
2037 3541 2288 3602 multum
2341 3541 2614 3622 profecit.

438 3643 669 3702 Interea
688 3640 991 3719 temporis,
1018 3641 1359 3702 Alexander
1397 3637 1626 3701 insidiis
1667 3639 1872 3700 matris
1915 3637 2238 3719 Eurydices
2287 3639 2610 3720 appetitus,

437 3738 751 3798 occubuit:
778 3738 873 3797 cui
898 3745 1095 3796 tamen
1116 3749 1293 3798 antea
1317 3738 1634 3818 Amyntas,
1661 3737 1721 3796 in
1751 3735 1974 3796 scelere
1999 3733 2405 3816 deprehensae,
2431 3753 2612 3814 prop·

435 3843 527 3894 ter
552 3851 893 3894 communes
917 3831 1152 3905 liberos,
1178 3833 1417 3912 ignarus
1444 3833 1670 3895 eisdem
1709 3831 2070 3912 quandoque
2115 3833 2422 3892 exitiosam
2463 3831 2612 3902 fore,

438 3939 797 4008 pepercerat.
908 3927 1113 3989 Frater
1164 3947 1400 4008 quoque
1452 3930 1579 4009 ejus
1633 3927 1970 4002 Perdiccas,
2035 3926 2208 3989 simili
2262 3927 2610 3988 insidiarum

436 4022 666 4096 fraude,
702 4023 909 4086 relicto
951 4024 1195 4106 parvulo
1236 4025 1378 4096 filio,
1424 4025 1736 4105 decipitur.
1817 4025 1942 4085 Sub
1985 4023 2144 4085 idem
2185 4033 2440 4102 tempus,
2466 4021 2617 4081 Phi-

436 4120 631 4200 lippus
656 4120 1033 4182 commodum
1058 4141 1092 4182 e
1120 4119 1393 4180 custodia
1416 4120 1657 4199 elapsus
1687 4120 1790 4181 diu
1817 4141 1892 4182 se
1909 4139 2030 4182 non
2056 4137 2274 4198 regem,
2303 4113 2410 4178 sed
2448 4127 2610 4178 tuto·-

440 4235 559 4278 rem
599 4213 801 4296 pupilli
845 4216 989 4296 egit.
1068 4219 1151 4278 At
1192 4216 1289 4278 ubi
1334 4217 1603 4295 graviora
1645 4214 1801 4277 bella
1847 4216 2244 4286 imminebant,
2295 4229 2608 4294 serumque
