3222 4944
608 410 779 477 1562
1246 422 1421 473 cun.
1466 420 1852 473 sunnonis
1897 422 2160 471 surra.

610 576 889 638 auxilium
931 575 991 633 in
1038 573 1448 653 expectatione
1488 572 1734 633 infantis
1761 583 1908 644 erat,
1947 572 2292 652 compulsus
2319 590 2358 631 a
2379 575 2624 653 populo,
2653 595 2787 657 reg-

607 692 751 733 num
778 668 1227 731 Macedonicum
1256 667 1408 729 male
1436 668 1732 738 affectum,
1773 688 1909 728 cum
1953 667 2178 728 bellicis
2217 668 2467 742 artibus,
2509 679 2634 731 tum
2659 672 2790 752 phi-

608 766 894 848 losophiae
923 766 1231 846 praeceptis
1259 765 1664 843 praemunitus,
1690 764 2102 844 apprehendit,
2129 764 2305 823 Anno
2333 782 2512 827 cccc.
2540 768 2619 827 ab
2646 770 2790 829 urbe

606 864 868 936 condita,
900 860 1251 942 Olympiade
1280 877 1386 921 cv.
1469 859 1644 919 Circa
1683 860 1872 939 prima
1911 860 2110 939 itaque
2139 860 2306 939 regni
2332 860 2670 940 primordia,
2697 884 2791 924 re-

604 980 733 1020 rum
762 959 991 1019 infinita
1015 954 1392 1016 multitudine
1418 953 1477 1013 in
1500 953 1765 1015 diversas
1795 955 2062 1016 trahente
2089 964 2308 1034 partes,
2331 956 2594 1019 finitimis
2622 956 2793 1021 undi-

606 1074 723 1134 que
764 1056 825 1114 in
871 1051 1286 1113 Macedoniam
1326 1050 1678 1111 irruentibus
1721 1049 1980 1130 populis,
2019 1050 2313 1131 bellisque
2341 1051 2522 1112 veluti
2549 1055 2790 1133 conspi-

605 1152 830 1211 ratione
860 1148 1115 1229 quadam
1144 1146 1222 1207 ad
1248 1145 1690 1227 opprimendam
1717 1145 2158 1220 Macedoniam,
2181 1146 2495 1207 multarum
2523 1150 2788 1227 gentium

606 1265 683 1306 ex
709 1244 954 1306 diversis
979 1244 1149 1316 locis,
1176 1262 1296 1304 uno
1322 1252 1584 1322 tempore
1608 1242 2065 1315 confluentibus,
2094 1262 2198 1303 rex
2223 1240 2534 1323 Philippus
2555 1245 2789 1309 cautius

606 1342 847 1401 omnino
876 1339 1175 1421 agendum
1200 1358 1335 1400 esse
1360 1338 1770 1413 considerans,
1812 1338 2110 1415 (omnibus
2157 1337 2310 1399 enim
2359 1356 2465 1416 par
2507 1358 2639 1399 esse
2669 1360 2790 1403 non

607 1440 860 1517 poterat)
887 1436 1005 1496 alia
1028 1435 1381 1516 interposita
1400 1434 1676 1514 pactione
1694 1434 2052 1514 composuit,
2072 1433 2190 1493 alia
2209 1432 2477 1505 redemit,
2497 1434 2792 1499 facillimis

608 1533 929 1613 aggressis,
972 1543 1040 1592 ut
1082 1532 1333 1593 militnm
1376 1528 1642 1611 trepidos
1683 1530 1940 1591 firmaret
1981 1530 2232 1603 animos,
2279 1538 2344 1589 et
2386 1529 2496 1589 sibi
2532 1530 2792 1593 hostium

607 1639 966 1690 contemtum
1010 1628 1290 1688 demeret.
1374 1625 1636 1685 Primum
1681 1626 1769 1686 illi
1807 1646 1946 1687 cum
1986 1625 2448 1685 Atheniensibus
2491 1638 2790 1687 certamen

451 1753 461 1765 -
494 1740 530 1759 ⁴·
606 1724 738 1797 fuit,
765 1724 981 1803 quibus
1006 1741 1114 1801 per
1138 1720 1387 1781 insidias
1414 1720 1605 1791 victis,
1631 1731 1788 1781 metu
1811 1720 2096 1799 gravioris
2116 1720 2281 1793 belli,
2299 1738 2436 1781 cum
2463 1720 2790 1784 interlicere

483 1858 492 1868 ·
606 1829 834 1898 posset,
861 1816 1067 1879 omues
1090 1816 1437 1889 incolumes,
1465 1816 1593 1876 sine
1622 1816 1810 1895 pretio
1839 1816 2090 1877 dimisit:
2118 1836 2256 1895 quoe
2277 1834 2370 1877 res
2397 1816 2486 1876 illi
2511 1837 2791 1899 magnam

608 1922 671 1973 et
696 1912 947 1993 gratiam
972 1922 1036 1972 et
1061 1910 1468 1972 auctoritatem
1494 1911 1850 1972 conciliavit.
1934 1912 2142 1991 Captis
2183 1913 2400 1974 deinde
2441 1915 2788 1987 Paeonibus,

606 2008 831 2070 bellum
877 2008 939 2068 in
989 2008 1221 2088 Illyrios
1257 2008 1590 2068 transtulit:
1642 2008 1724 2068 ibi
1765 2007 1964 2069 multis
2007 2007 2267 2069 hostium
2311 2010 2568 2071 millibus
2596 2014 2791 2084 coesis,

610 2104 960 2165 Larissoeam
988 2097 1189 2164 urbem
1218 2104 1642 2164 nobilissimam
1667 2103 1850 2182 cepit.
1921 2104 2078 2164 Hinc
2105 2104 2447 2180 Thessalos,
2475 2127 2594 2167 uon
2623 2109 2792 2187 cupi·

610 2201 795 2269 ditate
821 2199 1062 2280 proedoe,
1105 2200 1212 2260 sed
1238 2200 1399 2279 quod
1428 2200 1708 2260 exercitui
1739 2218 1850 2259 suo
1876 2201 2054 2260 robur
2079 2200 2496 2263 Thessalorum
2527 2203 2792 2283 equiturn

610 2296 931 2377 adjungere
959 2297 1272 2378 gestiebat,
1300 2295 1445 2356 nihil
1470 2296 1666 2356 minus
1692 2314 1869 2375 quam
1888 2295 2112 2357 bellum
2131 2308 2485 2371 metuentes,
2509 2298 2791 2361 adoritur.

608 2392 843 2463 Quibus
870 2412 945 2453 ex
972 2392 1289 2476 improviso
1313 2392 1769 2474 praeoccupatis,
1813 2402 1991 2471 atque
2035 2392 2094 2450 in
2135 2401 2488 2469 potestatem
2515 2393 2792 2466 redactis,

598 2490 909 2571 jungendo
944 2491 1211 2574 equitum
1250 2489 1638 2569 peditumque
1665 2489 2011 2549 fortissimas
2039 2497 2259 2548 turmas
2289 2499 2352 2548 et
2375 2491 2578 2571 copias
2605 2491 2794 2551 invic-

606 2587 899 2648 tissimum
942 2586 1085 2646 fecit
1123 2585 1461 2646 exercitum.
1543 2583 1770 2651 Quibus
1818 2585 1990 2645 rebus
2036 2582 2284 2645 feliciter
2327 2585 2534 2665 gestis,
2583 2585 2792 2666 Olym-

606 2683 804 2762 piada,
850 2677 1229 2760 Neoptolemi
1256 2680 1413 2758 regis
1442 2676 1842 2738 Molossorum
1870 2679 2072 2755 filiam,
2100 2698 2344 2742 uxorem
2372 2683 2560 2756 ducit,
2587 2683 2791 2745 conci-

604 2779 791 2839 liante
816 2776 1055 2854 nuptias
1084 2773 1271 2834 altore
1297 2773 1537 2852 virginis
1556 2773 1771 2835 Arisba
1791 2795 1930 2855 rege
1957 2777 2381 2852 Molossorum,
2397 2779 2502 2858 qui
2531 2798 2788 2841 sororem

608 2869 977 2954 Olympiadis
1018 2868 1336 2940 Troadum,
1382 2870 1445 2929 in
1482 2871 1916 2931 matrimonium
1962 2871 2260 2934 habebat:
2305 2894 2442 2953 quae
2482 2893 2666 2936 causa
2707 2875 2793 2935 illi

608 2967 790 3038 exitii,
838 2965 1245 3044 malorumque
1290 2963 1551 3024 omnium
1593 2965 1725 3028 fuit.
1826 2967 1982 3027 Nam
2027 2989 2164 3030 cum
2217 2971 2382 3050 regni
2433 2971 2796 3034 incrementa

608 3061 895 3122 affinitate
923 3059 1180 3141 Philippi
1206 3078 1272 3120 se
1300 3059 1724 3141 acquisiturum
1749 3074 1972 3144 sperat,
2001 3065 2238 3145 proprio
2265 3085 2452 3145 regno
2477 3069 2554 3126 ab
2579 3068 2790 3128 eodem

606 3158 892 3239 privatus,
934 3157 995 3217 in
1041 3153 1218 3216 exilio
1256 3157 1592 3218 consenuit.
1674 3157 1823 3220 Post
1861 3161 2100 3240 nuptias
2127 3171 2326 3221 autem
2355 3160 2658 3245 Philippus
2685 3184 2792 3244 per

610 3251 868 3333 quietem
910 3253 1073 3313 visus
1116 3261 1209 3312 est
1250 3252 1523 3332 conjugis
1550 3253 1686 3316 alvo
1729 3255 2024 3335 insignem
2049 3257 2313 3317 affixisse
2336 3258 2584 3336 bullam,
2620 3262 2791 3340 cujus

608 3351 935 3430 sculptura,
960 3345 1459 3429 quemadmodum
1486 3350 1539 3410 is
1562 3350 2020 3425 existimaverat,
2049 3352 2264 3414 Leonis
2293 3352 2540 3414 haberet
2587 3355 2796 3436 imagi-

608 3467 767 3509 nem.
844 3444 1022 3516 Quod
1059 3454 1225 3504 vates
1254 3445 1340 3505 ita
1366 3455 1509 3505 sunt
1534 3447 1922 3525 interpretati.
2007 3447 2206 3526 Ipsam
2233 3447 2472 3526 quidem
2500 3469 2634 3511 esse
2663 3471 2796 3531 gra-

602 3541 825 3612 vidam,
868 3540 1195 3600 animosum
1238 3558 1497 3619 quoque,
1536 3551 1599 3601 et
1644 3541 1830 3602 leonis
1871 3551 2082 3602 natura
2126 3542 2460 3623 proeditum‚
2509 3546 2794 3608 infantem

606 3637 949 3717 parituram.
1036 3630 1270 3694 Deinde
1296 3653 1432 3694 cum
1461 3634 1770 3715 Philippus
1797 3638 1998 3697 urbem
2029 3637 2376 3699 Methonern
2403 3655 2792 3723 expugnaret,

598 3734 767 3812 jactu
796 3730 1031 3810 sagitta
1058 3729 1329 3790 dextrum
1358 3731 1557 3792 amisit
1580 3733 1838 3793 oculum.
1923 3732 2316 3796 Nihilominus
2359 3746 2554 3798 tamen
2583 3757 2793 3818 pacem

608 3825 1063 3909 deprecantibus
1106 3822 1294 3897 dedit,
1340 3825 1621 3905 mitisque
1649 3828 1826 3889 etiam
1855 3827 2138 3890 adversus
2165 3831 2356 3892 victos
2381 3831 2512 3893 fuit.
2593 3832 2792 3914 Pagus

611 3924 793 3985 etiam
818 3921 1089 4002 capiens,
1119 3919 1363 4001 imperio
1392 3941 1502 3982 suo
1527 3921 1762 4003 adjecit.
1839 3923 2228 3987 Triballorum
2258 3945 2492 4007 quoque
2532 3940 2794 4009 gentem,

610 4029 675 4082 et
698 4017 981 4099 quioquid
1008 4026 1296 4096 proeterea
1330 4027 1616 4080 terrarum
1655 4020 1718 4080 in
1756 4023 2024 4102 proximo
2067 4032 2214 4096 erat,
2257 4023 2546 4084 invadens
2573 4027 2790 4089 omnia,

608 4133 729 4176 uno
750 4111 915 4174 velut
951 4113 1191 4192 impetu,
1226 4111 1463 4174 devicit.
1574 4115 1902 4178 Debellatis
1927 4117 2212 4189 finitimis,
2242 4125 2422 4196 atque
2450 4119 2792 4179 confirmato

603 4210 731 4290 jam
758 4209 1131 4273 Macedoniae
1160 4228 1363 4291 regno,
1386 4229 1521 4274 cum
1546 4210 1787 4276 domum
1815 4213 2106 4284 rediisset,
2148 4223 2324 4276 natus
2351 4224 2446 4276 est
2471 4213 2582 4295 ipsi
2607 4213 2790 4275 Alex-
