3222 4944
1150 386 1225 435 m
1278 388 1351 447 Q.
1396 386 1660 437 cunr-u
1711 336 1856 437 nm,
1899 389 1952 439 1.
2465 377 2636 443 1663

463 534 647 595 ander
670 534 824 595 filius
851 552 924 594 ex
952 532 1305 614 Olympiade
1334 556 1537 611 uxore,
1584 558 1742 599 v111.
1787 538 1930 599 Idus
1959 540 2199 619 Aprilis,
2227 538 2374 603 dicit
2397 542 2636 604 Plutar-

462 630 647 691 chus:
689 633 763 691 ab
792 650 864 691 eo
890 641 1088 691 autem
1116 632 1217 711 qui
1244 632 1409 693 illum
1434 635 1498 693 in
1527 635 1802 694 Latinum
1831 636 2139 708 convertit,
2181 638 2452 699 scribitur
2471 640 2636 699 circa

460 723 606 784 Idus
634 726 907 805 Augusti,
946 726 1107 805 quod
1137 746 1281 787 sane
1306 729 1474 807 cujus
1503 730 1580 789 sit
1606 748 1784 801 error,
1828 729 2069 790 dubium
2095 741 2208 791 est.
2290 731 2474 793 Porro
2495 728 2636 793 Phi·
2765 798 2773 809 ,

458 819 673 900 lippus,
698 822 877 881 veluti
904 842 937 883 e
958 822 1201 901 specula
1226 822 1506 903 quadam,
1534 824 1790 885 libertati
1819 825 2074 885 omnium
2101 826 2440 899 insidiatus,
2463 827 2634 889 (ἴτω-

458 934 659 976 corum
711 918 999 989 civitates,
1050 938 1186 997 quse
1228 918 1574 981 dominandi
1615 920 1858 981 libidine
1885 920 2136 999 singuloe
2161 922 2445 1001 imperare
2471 925 2636 1003 cogi-

458 1019 745 1086 taverant,
784 1033 988 1073 omnes
1036 1013 1095 1072 in
1140 1034 1309 1075 suam
1345 1016 1577 1095 redegit
1613 1025 1988 1095 potestatem.
2072 1017 2448 1079 Inferioribus
2475 1020 2632 1079 enim

456 1117 663 1167 contra
690 1110 1016 1189 superiores
1060 1109 1319 1169 suadens
1358 1112 1700 1184 certamina,
1741 1112 2010 1172 omnibus
2040 1112 2117 1172 ad
2143 1112 2392 1175 invicem
2419 1114 2634 1175 callide

454 1202 734 1276 incitatis,
766 1224 803 1265 a
826 1204 1121 1265 Thebanis
1144 1206 1322 1265 etiam
1351 1208 1479 1285 (qui
1502 1216 1700 1267 tamen
1721 1217 1896 1267 antea
1919 1226 2054 1268 eum
2083 1218 2366 1288 tanquam
2401 1208 2635 1269 bostem

455 1298 733 1377 repellere
784 1301 1177 1376 conabantur)
1220 1312 1427 1361 contra
1477 1301 1960 1389 Lacedoemonios
2007 1312 2070 1363 et
2115 1302 2476 1377 Phocenses,
2535 1307 2639 1385 qui

452 1394 671 1472 templo
691 1394 981 1473 Apollinis
999 1395 1275 1475 spoliato,
1294 1396 1510 1456 milites
1530 1398 1960 1469 conduxerant,
1983 1400 2334 1461 necessitate
2361 1411 2634 1481 urgente,

456 1487 581 1548 dux
612 1489 861 1563 electus,
911 1490 1209 1570 oppressis
1255 1490 1579 1569 sacrilegis,
1629 1512 2024 1573 mag-namque
2067 1493 2208 1555 inde
2237 1495 2398 1575 apud
2425 1514 2634 1556 omnes

454 1586 726 1645 nationes
756 1586 1002 1664 gloriam
1031 1584 1305 1666 adeptus,
1345 1588 1607 1646 omnium
1651 1587 1729 1647 ad
1775 1588 2042 1648 ultimum
2085 1590 2336 1651 efficitur
2360 1590 2634 1665 dominus

454 1699 527 1739 ac
554 1681 851 1761 princeps,
878 1692 940 1741 et
964 1682 1153 1742 victos
1181 1682 1399 1761 pariter
1426 1692 1604 1762 atque
1631 1683 1884 1743 victores
1913 1684 2250 1743 servitutem
2293 1684 2487 1745 subire
2531 1704 2638 1745 co-

452 1776 593 1859 egit.
678 1777 827 1837 Inde
870 1777 930 1836 in
977 1776 1418 1858 Cappadociam
1464 1778 1780 1858 trajiciens,
1823 1779 2012 1857 captis
2041 1789 2102 1838 et
2129 1778 2342 1839 occisis
2369 1778 2632 1839 finitimis

448 1872 711 1951 regibus,
730 1873 1064 1934 universam
1092 1873 1449 1952 provinciam
1476 1875 1720 1953 imperio
1743 1873 2121 1935 Macedonioe
2147 1871 2387 1953 adjecit.
2445 1874 2635 1955 Olyn-

450 1967 555 2029 tho
596 1987 833 2049 quoque
876 1979 1235 2049 expugnata,
1260 1969 1569 2031 Thraciam
1594 1970 1832 2031 invasit.
1915 1970 2072 2029 Nam
2097 1989 2234 2030 cnm
2259 1989 2396 2030 eum
2421 1969 2633 2031 fratres

452 2062 574 2124 duo
600 2065 867 2125 Thracia>
894 2084 1092 2144 reges,
1119 2065 1195 2125 de
1215 2066 1478 2126 terminis
1506 2066 1674 2146 regni
1701 2066 2094 2145 ambigentes,
2133 2064 2630 2145 disceptationum

452 2178 689 2219 suarum
702 2159 969 2239 judicem
993 2161 1299 2239 eligerent,
1328 2160 1634 2241 Philippus
1661 2150 2070 2241 adjudicium,
2091 2161 2256 2221 velut
2281 2159 2358 2219 ad
2385 2159 2629 2233 bellum,

448 2255 891 2335 inopinantibus
918 2256 1215 2327 fratribus,
1256 2255 1545 2316 instructo
1572 2258 1832 2319 exercitu
1856 2260 2036 2331 venit,
2071 2265 2131 2317 et
2159 2268 2472 2335 utrumque
2499 2275 2633 2335 reg·

450 2369 551 2423 no,
582 2352 659 2411 de
686 2370 807 2431 quo
833 2349 1266 2430 disceptabant,
1287 2350 1582 2429 spoliavit.
1648 2350 1872 2413 Omnes
1895 2372 2040 2413 sane
2065 2352 2362 2432 principes
2383 2350 2630 2421 docens,

451 2447 830 2509 concordiam
856 2445 1175 2507 maximum
1200 2445 1277 2506 ad
1306 2446 1716 2508 conservanda
1753 2448 2012 2528 imperia,
2043 2459 2222 2527 atque
2267 2445 2629 2529 principatus

449 2543 859 2616 stabiliendos,
882 2541 1297 2622 adminiculum
1326 2562 1481 2604 esse.
1538 2543 1878 2604 Alexander
1907 2553 2105 2604 autem
2123 2543 2318 2604 factus
2339 2561 2630 2602 annorum

451 2639 786 2712 duodecim,
830 2640 1003 2699 rebus
1050 2638 1275 2700 bellicis
1318 2638 1639 2700 admodum
1681 2639 1986 2712 delectari,
2031 2648 2095 2698 et
2131 2636 2389 2698 excelsae
2415 2635 2631 2696 indolis

448 2735 929 2796 manifestissima
975 2735 1231 2815 proferre
1272 2734 1513 2808 indicia,
1562 2735 1762 2816 coepit.
1864 2735 2133 2814 Cumque
2178 2753 2255 2793 ex
2300 2731 2630 2812 oequalibus

449 2831 717 2892 nonnulli
757 2851 831 2892 ex
876 2850 950 2891 eo
994 2841 1537 2910 percunctarentur,
1566 2829 1646 2891 ad
1675 2829 2050 2911 Olympicum
2079 2828 2346 2909 nunquid
2375 2827 2630 2890 stadium

448 2927 640 2988 libens
668 2926 1012 3000 decertaret,
1050 2926 1391 3005 (plurimum
1430 2927 1589 2988 enim
1625 2926 1844 3005 pedum
1869 2925 2172 2986 celeritate
2195 2924 2508 3004 polleb'at,)
2535 2923 2630 2984 Li-

448 3024 596 3083 bens
626 3021 917 3103 equidem,
944 3023 1157 3101 inquit,
1187 3024 1239 3082 si
1268 3022 1672 3084 decertaturos
1693 3041 1924 3084 mecum
1951 3041 2121 3101 reges
2151 3023 2264 3082 sim
2303 3021 2632 3081 habiturus.

451 3117 607 3179 Olim
650 3139 785 3179 cum
826 3119 975 3178 forte
1015 3119 1261 3178 absente
1304 3117 1581 3199 Philippo
1628 3119 1810 3198 legati
1847 3137 1886 3177 a
1925 3117 2240 3178 Persarum
2267 3135 2406 3195 rege
2432 3117 2629 3176 venis-

450 3224 605 3285 sent,
646 3231 751 3273 eos
791 3231 925 3271 cum
967 3211 1244 3290 hospitio,
1283 3222 1411 3272 tum
1458 3213 1888 3274 consuetudine
1931 3221 2164 3292 captos,
2195 3211 2630 3289 jucundissima

451 3309 561 3368 sibi
590 3305 983 3367 familiaritate
1011 3305 1357 3384 conjunxit:
1400 3307 1756 3368 admirantes
1800 3305 1962 3386 quod
2007 3309 2058 3366 is
2103 3304 2250 3365 nihil
2277 3316 2381 3365 aut
2407 3305 2630 3366 humile

450 3413 555 3464 aut
580 3402 801 3484 puerile
830 3401 1247 3474 sciscitaretur,
1290 3401 1420 3460 sed'
1443 3411 1547 3461 aut
1582 3403 1808 3462 viarum
1845 3399 2298 3479 longitudinem,
2323 3411 2430 3458 aut
2453 3419 2629 3479 supe-

446 3503 663 3562 riorum
709 3499 981 3560 itinerum
1027 3496 1241 3558 modos
1278 3497 1676 3577 perquirebat,
1715 3496 1906 3556 multa
1945 3514 2122 3576 super
2156 3513 2319 3575 rege,
2344 3495 2542 3575 qualis
2565 3496 2629 3556 in

446 3597 653 3658 hostes
698 3605 879 3665 esset,
922 3612 1081 3653 nunc
1118 3613 1293 3674 super
1322 3592 1545 3666 Persis,
1572 3613 1710 3674 quoe
1735 3593 1912 3664 vires,
1937 3603 2044 3653 aut
2068 3611 2204 3671 quoe
2232 3601 2393 3652 esset
2416 3599 2630 3672 poten-

448 3693 553 3763 tia,
594 3692 908 3772 rogitabat.
990 3689 1157 3758 Quas
1208 3711 1301 3750 res
1348 3689 1621 3750 admirati
1667 3689 1872 3769 legati,
1911 3689 2032 3749 late
2065 3687 2342 3750 diffusam
2369 3687 2630 3768 Philippi

450 3789 794 3867 gravitatem
844 3785 989 3846 nihil
1033 3804 1155 3863 prae
1199 3785 1376 3865 hujus
1411 3787 1578 3867 pueri
1621 3786 1842 3860 indole,
1882 3795 1946 3845 et
1991 3784 2210 3864 majore
2253 3803 2430 3862 quam
2475 3795 2626 3844 aetas

448 3893 747 3964 pateretur
792 3881 969 3943 animi
1012 3881 1441 3960 magnitudine,
1481 3881 1800 3943 duxerunt.
1881 3880 2128 3950 Quoties
2156 3899 2194 3940 a
2219 3878 2494 3961 Philippo
2521 3890 2628 3940 aut

319 4003 338 4026 ·
450 3980 650 4041 nobile
695 3979 995 4057 quoddam
1044 3985 1282 4056 captum
1318 3978 1624 4057 oppidum,
1666 3987 1772 4039 aut
1812 3975 2174 4038 memorabili
2213 3974 2419 4054 proelio
2455 3986 2628 4055 parta

449 4077 715 4147 victoria,
740 4074 1137 4145 nuntiabatur,
1163 4071 1325 4132 haud
1352 4091 1704 4154 magnopere
1729 4075 2064 4145 laetabatur,
2090 4081 2348 4131 ceterum
2376 4069 2456 4128 ad
2481 4089 2624 4132 suos

454 4171 649 4233 aiebat
675 4171 955 4251 oequales,
977 4168 1218 4241 Omnia,
1244 4187 1282 4229 o
1308 4169 1495 4249 pueri,
1512 4171 1742 4250 genitor
1770 4167 2105 4250 occupabit,
2123 4167 2211 4227 ita
2233 4174 2303 4225 ut
2328 4185 2404 4225 ne
2431 4166 2626 4227 vobis.
