3222 4944
1212 462 1276 520 Q·
1325 457 1586 508 cunm
1642 457 1905 509 num...
2312 477 2320 488 ·
2460 435 2626 502 1611

427 609 628 668 travit.
720 607 976 669 Notulss
1017 611 1078 669 in
1133 629 1302 670 usum
1355 611 1610 669 tironum
1650 607 1873 686 adjecit
1903 607 2125 670 Christ.
2172 583 2635 686 Schoettgenius.

441 704 605 785 Lips.
633 725 731 785 ap.
755 705 1040 768 Thomsm
1074 707 1329 768 Fritsch.

520 804 666 862 1721
715 802 1170 865 Amstelodami.
1207 806 1306 864 16.

522 900 677 959 1722
723 899 994 980 Lugduni
1023 900 1158 964 Bat.
1191 904 1249 961 8.
1278 920 1334 962 c.
1367 922 1426 960 n.
1455 901 1572 962 Titi
1603 900 1871 980 Popmoe.

429 1048 436 1058 .
514 1027 598 1044 --
637 996 872 1077 Lipsioe.
909 999 1004 1059 12.
1033 1016 1090 1059 c.
1121 1017 1182 1057 n.
1212 996 1289 1057 ad
1319 997 1562 1059 modum
1594 996 1868 1059 Minellii.

519 1093 676 1152 1724
719 1093 966 1174 Delphis
993 1103 1056 1154 et
1077 1094 1276 1175 Lugd.
1317 1095 1451 1168 nat,
1475 1098 1538 1155 4.
1580 1094 1662 1163 Q.
1706 1093 1897 1154 Curtii
1936 1093 2077 1153 Rufi
2118 1091 2194 1151 de
2236 1093 2413 1152 rebus
2446 1089 2632 1170 gestis

433 1187 754 1252 Alexandri
781 1191 1016 1272 Magni,
1045 1192 1202 1272 regis
1233 1191 1661 1264 Macedonum,
1689 1190 1846 1252 Libri
1875 1190 2247 1270 superstites.
2335 1189 2487 1248 Cum
2514 1205 2645 1247 om-

430 1284 604 1346 nibus
650 1285 1115 1369 supplementis,
1190 1288 1554 1348 variantibus
1603 1287 1981 1362 lectionibus,
2058 1285 2501 1348 commentariis
2570 1303 2643 1344 sc

431 1382 590 1444 notis
615 1384 918 1464 perpetuis
949 1384 1049 1444 Fr.
1084 1384 1289 1456 Modii,
1315 1383 1389 1444 V.
1415 1383 1694 1458 Acidalii,
1720 1385 1795 1447 T.
1839 1382 2109 1466 Popmoe‚
2157 1383 2298 1443 Joh.
2331 1380 2647 1442 Freinshe-

432 1478 553 1551 mii,
581 1479 720 1539 Joh.
761 1480 1064 1554 Schefferi,
1110 1481 1460 1562 christoph.
1508 1480 1775 1552 Cellarii,
1819 1481 1955 1541 Nic.
2006 1479 2260 1541 Heinsii.
2302 1477 2556 1538 Selectis
2586 1485 2649 1536 et

433 1577 729 1655 excerptis
759 1575 868 1638 Ph.
900 1576 1179 1650 Rubenii,
1221 1577 1283 1637 J.
1315 1577 1639 1658 Rutgersii‚
1672 1579 1745 1640 C.
1774 1577 2021 1648 Barthii,
2048 1576 2188 1636 Joh.
2222 1573 2525 1645 Loccenii,
2557 1573 2644 1632 M.

436 1669 678 1744 Raderi,
720 1671 816 1732 Cl.
845 1671 1144 1747 Salmasii,
1187 1674 1287 1735 J0.
1321 1674 1481 1736 Frid.
1513 1674 1823 1748 Gronovii,
1866 1673 1954 1734 M.
1979 1671 2259 1744 Teuierii,
2299 1668 2643 1747 Christoph.

435 1767 596 1848 Aug.
628 1768 987 1844 Heumanni,
1031 1771 1289 1852 itemque
1318 1773 1453 1834 Jec.
1482 1771 1776 1833 Perizonii
1799 1757 2117 1840 vindiciis,
2167 1778 2229 1828 et
2256 1767 2508 1827 aliorum
2536 1767 2651 1826 ob-

433 1865 886 1938 servationibus,
917 1869 1398 1949 auctioribusque
1427 1868 1759 1930 Indicibus.
1840 1867 2088 1928 Curavit
2112 1876 2173 1926 et
2200 1863 2454 1943 digessit
2484 1863 2649 1922 Hen-

430 1959 587 2022 ricus
611 1961 1022 2044 snakenburg.
1109 1964 1358 2046 Delphis
1387 1985 1486 2046 ap.
1530 1965 1677 2026 Adr.
1721 1965 1969 2034 Reman,
2011 1962 2204 2043 Lugd.
2236 1961 2307 2020 B.
2336 1980 2435 2040 ap.
2481 1961 2643 2020 Sam.

435 2059 1002 2122 Luchtmaus.-De
1037 2081 1158 2142 que
1181 2062 1440 2124 editione
1466 2064 1551 2123 ite
1595 2061 1904 2123 Ernestius
1924 2059 2161 2139 judicat
2186 2060 2247 2118 in
2280 2057 2435 2118 Bibl.
2468 2056 2645 2117 Febr.

433 2153 602 2220 ‚Tom-
636 2175 718 2218 11.
759 2177 821 2236 p.
851 2159 988 2217 352.
1031 2165 1048 2194 ‘
1081 2158 1150 2217 Iu
1193 2177 1268 2220 ee
1292 2159 1454 2219 basis
1493 2169 1695 2219 textus
1736 2158 1896 2219 facta
1922 2168 2019 2217 est
2042 2153 2309 2218 recensio
2334 2151 2649 2214 Freinshe-

435 2249 634 2318 misna
680 2253 1009 2314 secundum
1057 2256 1302 2334 primam
1351 2255 1695 2328 editionem,
1747 2275 1782 2314 a
1823 2273 1944 2335 qua
1994 2253 2121 2312 sine
2173 2252 2335 2332 gravi
2386 2261 2448 2310 et
2477 2249 2651 2328 justa

435 2365 623 2407 causa
648 2367 768 2407 nou
809 2347 1233 2424 discederetur,
1259 2350 1422 2429 quod
1464 2362 1528 2410 et
1563 2349 1775 2430 paucis
1827 2349 1975 2410 locis
2024 2349 2245 2410 factum
2290 2357 2406 2409 est.
2462 2344 2647 2418 Libris

435 2441 670 2525 scriptis
698 2463 842 2505 usus
870 2456 967 2507 est
993 2445 1204 2519 tribus,
1255 2465 1376 2507 uno
1403 2455 1598 2507 vetere
1628 2455 1687 2507 et
1715 2447 1891 2519 bono,
1940 2439 2175 2506 duobus
2222 2440 2646 2504 recentioribus

438 2540 768 2615 Vossianis,
795 2544 1086 2625 excerptis
1114 2564 1189 2605 ex
1221 2544 1338 2604 Ms.
1382 2544 1590 2616 altero,
1616 2544 1767 2603 forte
1801 2542 2161 2614 Florentino,
2190 2539 2541 2602 lectionibus
2570 2538 2645 2597 ab

439 2636 690 2699 Heinsio
719 2640 777 2698 in
803 2639 1072 2721 exemplo
1103 2640 1336 2701 Veneto
1367 2641 1621 2719 scriptis.
1704 2640 1797 2699 Ab
1820 2638 2107 2719 exemplis
2136 2637 2312 2699 editis
2330 2654 2533 2714 parum
2558 2636 2649 2693 in·
2700 2706 2703 2711 Ι

436 2746 698 2796 structus
719 2736 856 2809 fuit,
883 2755 997 2797 nec
1025 2736 1232 2798 habuit
1250 2738 1432 2798 ullam
1453 2735 1676 2797 Aldina
1702 2736 1976 2816 priorem.
2052 2734 2281 2813 Nempe
2302 2733 2387 2791 vir
2407 2732 2645 2801 doctus,

435 2844 506 2894 ut
532 2853 693 2914 saepe
722 2834 809 2905 fit,
847 2832 922 2893 ad
955 2832 1251 2896 edendum
1285 2834 1552 2896 Curtium
1584 2834 1861 2907 accessit,
1907 2850 2025 2893 non
2056 2832 2197 2911 quia
2228 2830 2407 2890 libros
2436 2826 2652 2893 Curtii,

436 2941 500 2991 et
525 2930 652 3009 ejus
678 2931 952 3012 exempla
977 2932 1245 3012 antiqua,
1272 2931 1376 2993 diu
1405 2940 1743 3004 tractasset,
1770 2939 1833 2989 et
1862 2930 2238 2990 observasset
2268 2926 2475 2997 multe,
2516 2924 2649 3003 qni-

439 3027 551 3087 bus
591 3026 647 3089 ei
674 3028 960 3107 prodesse
989 3029 1078 3089 vel
1105 3029 1457 3115 corrigendo
1487 3028 1577 3090 vel
1620 3025 1977 3088 illustrando
2008 3038 2252 3103 posset;
2307 3023 2413 3083 sed
2444 3022 2587 3100 quia
2615 3040 2652 3081 a

439 3125 691 3188 librariis
742 3125 1156 3207 opportunitas
1215 3125 1432 3185 edendi
1485 3126 1687 3185 oblata
1743 3133 1925 3185 esset.
2010 3122 2222 3201 Neque
2268 3131 2465 3179 tamen
2518 3120 2648 3177 hoec

440 3222 624 3283 editio
650 3222 1088 3282 contemnenda
1113 3230 1226 3291 est,
1269 3222 1328 3279 in
1374 3240 1495 3300 qua
1523 3218 1806 3299 quitquid
1836 3218 1977 3277 boni
2009 3220 2084 3275 ab
2129 3216 2523 3294 superioribus
2552 3214 2645 3271 ve}

440 3316 786 3387 editoribus,
821 3314 1028 3375 Modio
1056 3315 1342 3395 inprimis,
1373 3315 1804 3386 FreinshemiO,
1835 3312 2129 3383 Acidalio,
2160 3313 2218 3370 in
2244 3310 2430 3371 Curtii
2459 3310 2643 3369 libros

441 3414 726 3493 seriptum
754 3424 868 3483 est,
912 3422 1016 3471 sut
1057 3414 1132 3473 ab
1162 3410 1295 3471 aliis
1341 3409 1480 3470 viris
1525 3409 1718 3469 doctis
1752 3429 1855 3487 per
1904 3407 2253 3467 occasiones
2298 3406 2446 3467 alias
2476 3408 2651 3486 bene,

441 3510 534 3571 vel
564 3509 642 3571 ed
671 3507 1108 3570 emendandum
1155 3507 1248 3569 vel
1278 3507 1354 3567 ad
1385 3505 1831 3587 explicandum,
1882 3503 2107 3563 dictum
2160 3503 2463 3582 reperitur,
2512 3521 2649 3561 cum

441 3607 732 3670 vindieiis
759 3608 940 3667 etiarn
969 3604 1276 3679 Perizonii,
1303 3606 1444 3665 item
1474 3600 1905 3684 Supplements
1931 3600 2130 3661 omnia
2160 3600 2343 3671 edita,
2386 3596 2647 3678 denique

440 3709 502 3767 in
531 3707 747 3785 capite,
789 3724 927 3784 quse
953 3702 1392 3765 Freinshemius
1423 3702 1500 3763 de
1531 3711 1733 3772 etate,
1776 3699 1917 3770 vita,
1968 3697 2111 3759 edd.
2150 3696 2339 3757 Curtii
2386 3696 2651 3775 scripsit,

443 3802 700 3883 aspersis
747 3806 930 3863 etiam
971 3801 1096 3861 suis
1145 3800 1573 3861 notis.1nter
1622 3810 1851 3858 textum
1900 3804 1960 3855 et
1989 3807 2165 3855 notas
2198 3792 2505 3871 interjecta
2550 3802 2647 3851 est

449 3902 639 3961 Lectt.
661 3920 814 3960 varr.
845 3898 1164 3959 collectio!

535 4000 690 4060 1725
733 3994 1005 4057 Londini.
1037 3997 1094 4053 8.
1139 3994 1321 4054 editio
1363 3994 1549 4053 Mich.
1589 3993 1649 4051 le
1676 3990 1893 4052 Tellier
1914 3988 1991 4049 ud
2022 4007 2193 4048 usum
2222 3984 2507 4063 Delphini
2553 4002 2647 4042 re-

453 4096 691 4254 Ρθὶὶζέὃ
733 4190 1004 4251 Basileae.
1047 4190 1135 4250 12.
1167 4206 1309 4249 curu
1339 4186 1644 4247 Maittarii.
1678 4183 1973 4263 Repetitio
2004 4180 2101 4241 ed.
2134 4177 2321 4237 Lond.
2360 4177 2543 4236 1716
