3222 4944
641 396 816 463 1684
985 461 992 467 ,
1247 401 1691 455 οᾼτᾼιοσυε
1738 399 2221 450 sonim-onon

644 558 860 622 Indum
909 542 1145 619 suarum
1189 555 1730 637 peregrinationum
1785 550 2259 623 commentarios
2316 550 2572 630 reliquit,
2617 550 2837 616 {thulin

643 656 914 730 refertos,
945 663 1228 735 arguente
1257 654 1550 719 Strabone
1576 650 1681 713 lib.
1712 667 1795 711 ιι.
1853 648 2101 731 Scripsit
2134 659 2199 713 et
2246 646 2519 724 Politice,
2546 667 2685 730 (με
2708 649 2836 713 cita

643 752 993 817 Athenaeus.
1686 813 1697 824 .

729 846 1144 911 memoramus
1201 847 1523 925 Sicyonius
1578 840 1812 923 scripsit
1860 841 2171 909 historiam
2222 844 2549 909 Alexandri
2600 843 2839 925 Magni.

646 942 890 1019 Suidas.
919 942 1367 1009 volaterranus.

731 1038 1108 1115 Μονόβιβλοε
1181 1037 1755 1103 Alexandrinorum.
1851 1038 2034 1101 Hunc
2086 1036 2529 1101 Alexandrinos
2584 1036 2661 1099 de
2714 1036 2845 1099 vita

649 1134 976 1198 Alexandri
1029 1135 1456 1216 conscripsisse
1493 1145 1701 1197 auctor
1747 1146 1845 1197 est·
1894 1134 2273 1216 Nicephorus
2322 1134 2674 1197 Ecclesiast.
2700 1132 2847 1194 His·

649 1233 819 1305 torioe
849 1252 918 1292 x.
950 1233 1050 1293 36.

739 1327 1068 1393 Nearchus.
1111 1328 1235 1391 Iste
1261 1346 1400 1390 cum
1425 1325 1769 1391 Alexandro
1794 1327 2087 1403 militavit,
2130 1338 2193 1401 et
2231 1327 2311 1389 de
2336 1327 2511 1391 Alex.
2536 1324 2845 1387 historiam

654 1424 1030 1503 conscripsit.
1113 1423 1404 1487 Mentitus
1429 1434 1629 1487 autem
1654 1432 1763 1499 est,
1804 1424 1971 1505 quod
1998 1445 2063 1487 se
2088 1424 2469 1487 Navarchum
2496 1442 2633 1485 esse
2658 1421 2849 1501 scrip-

659 1520 826 1593 serit,
853 1538 990 1582 cum
1023 1518 1202 1582 suerit
1241 1520 1419 1583 unius
1461 1530 1691 1583 tantum
1744 1522 1917 1583 navis
1966 1523 2345 1602 gubernator.
2427 1520 2583 1579 Haec
2604 1518 2852 1579 Suidas.

655 1616 781 1676 Sed
829 1616 878 1677 si
925 1624 1084 1677 recte
1126 1615 1390 1690 memini,
1418 1616 1641 1680 crimen
1676 1616 1827 1678 illud
1868 1619 1945 1679 ab
1992 1616 2125 1679 aliis
2167 1616 2289 1677 fide
2328 1614 2693 1695 dignioribus
2738 1612 2853 1673 im-

656 1711 922 1793 pingitur
950 1709 1309 1773 Onesicrito.
1391 1712 1570 1774 Certe
1599 1711 1981 1775 Navarchnm
2010 1711 2276 1795 appellat
2313 1713 2493 1775 etiam
2520 1708 2853 1785 Philostra-

661 1816 758 1869 tus
787 1808 850 1867 in
875 1807 1178 1889 Apollonii
1203 1808 1324 1869 vita
1350 1807 1452 1870 lib.
1484 1825 1600 1871 111.
1630 1821 1692 1871 et
1719 1808 1941 1871 diserte
1967 1810 2252 1871 Arrianus
2278 1809 2343 1869 in
2360 1807 2589 1869 Indicis
2610 1824 2725 1881 ur.
2748 1808 2851 1867 12.

660 1901 860 1965 Multa
884 1913 1084 1965 autem
1110 1903 1174 1963 in
1199 1903 1446 1965 historia
1471 1904 1783 1966 mentitum
1810 1904 1897 1965 ait
1924 1906 2139 1967 Strabo
2158 1906 2263 1966 lib.
2282 1924 2365 1967 11.

745 1998 987 2061 Nestor.
1031 1999 1230 2077 Hujus
1257 1998 1707 2060 Alexandriada
1731 2002 1879 2062 citat
1906 2001 2246 2081 Stephanus
2272 2002 2337 2061 in
2358 1999 2705 2061 Ὑστάσπα.

749 2094 1019 2157 Nicanor
1060 2096 1184 2155 Res
1239 2103 1441 2175 gestas
1495 2094 1821 2158 Alexandri
1872 2098 2227 2161 Macedonis
2282 2094 2543 2176 scripsit,
2592 2094 2859 2155 Auctore

665 2190 936 2253 Varrone
973 2190 1035 2254 in
1075 2200 1288 2271 quarto
1329 2210 1523 2253 rerum
1565 2190 1938 2267 Divinarum,
1966 2213 2147 2273 quem
2171 2194 2320 2254 citat
2344 2190 2688 2252 Lactantius
2708 2208 2769 2249 a.
2794 2190 2860 2249 6.

666 2296 730 2347 et
769 2306 846 2349 ex
887 2306 960 2347 eo
1009 2287 1346 2348 Sabellicus
1387 2287 1691 2349 Enneadis
1740 2292 1803 2350 2.
1832 2289 1933 2350 lib.
1966 2307 2079 2350 111.
2106 2298 2171 2349 et
2222 2287 2380 2353 Lud.
2406 2286 2588 2349 Vives
2621 2285 2701 2347 ad
2726 2286 2861 2347 An-

665 2383 893 2461 gustin.
923 2382 1000 2443 de
1027 2382 1282 2445 civitate
1310 2382 1426 2443 Dei
1457 2402 1671 2445 xvm.
1698 2387 1801 2447 27.

751 2481 1064 2542 Nicobule.
1105 2480 1300 2558 Hujus
1323 2479 1718 2560 fragmentum
1746 2479 1827 2542 de
1851 2479 2195 2542 Alexandro
2220 2478 2441 2559 legitur
2478 2474 2643 2559 apud
2664 2474 2861 2538 Athe·

666 2596 864 2638 naeum
894 2596 1029 2636 xu.
1054 2578 1114 2636 9.
1808 2633 1813 2640 ,
2772 2617 2777 2628 -

757 2672 1057 2752 NJmplois
1087 2671 1466 2731 Heracleotes
1501 2671 1739 2751 scripsit
1784 2670 1863 2733 de
1905 2671 2079 2734 Alex.
2122 2679 2187 2734 et
2230 2668 2681 2734 successoribus
2706 2667 2861 2750 ejus.

673 2767 917 2830 Suidas.
1001 2766 1240 2824 Librum
1261 2757 1264 2760 ⁴
1289 2767 1420 2843 ejus
1467 2784 1689 2826 nonum
1735 2766 1813 2830 de
1860 2766 2203 2830 Ptolemaeis
2245 2765 2395 2830 citat
2434 2765 2655 2830 AElian.
2692 2763 2862 2826 Hist.

671 2861 934 2924 Animal.
961 2879 1143 2921 xvrr.
1178 2861 1239 2920 3.
1500 2911 1512 2930 ,
2766 2917 2774 2922 .

766 2955 1186 3035 olympiadum
1216 2957 1587 3035 Descriptio.
1652 2955 1831 3044 Hanc
1870 2974 2008 3018 cum
2048 2958 2310 3020 Eusebio
2338 2955 2529 3024 edidit
2550 2957 2683 3020 Jos.
2709 2956 2864 3020 Sca·

672 3053 844 3132 liger.

767 3148 1142 3229 Onesicritus
1165 3147 1382 3209 citatur
1435 3167 1473 3210 a
1517 3147 1714 3213 Plinio
1748 3166 1843 3210 vr.
1872 3150 1975 3234 ²2.-
2002 3151 2063 3208 2.
2134 3148 2459 3212 Alexandri
2498 3147 2869 3228 incunabula

680 3255 742 3306 et
793 3244 1084 3324 originem
1130 3244 1386 3324 scripsit,
1429 3244 1665 3308 La‘ertio
1712 3253 1885 3306 teste.
1954 3244 2171 3306 Strabo
2214 3263 2352 3306 cum
2395 3245 2633 3324 reliquis
2676 3245 2871 3310 multa

679 3341 990 3402 mentitum
1039 3340 1237 3421 arguit
1279 3341 1385 3402 lib.
1418 3361 1498 3405 11.
1541 3351 1604 3402 et
1644 3341 1967 3421 praesertim
2012 3337 2117 3402 lib.
2149 3359 2269 3402 xv.
2312 3342 2375 3402 in
2402 3341 2565 3404 hunc
2588 3361 2867 3421 sensum:

682 3437 844 3501 hunc
871 3439 1110 3500 meliore
1143 3438 1282 3515 jure
1321 3437 1725 3502 fabulosarum
1754 3447 1817 3498 et
1854 3436 2286 3500 incredibilium
2331 3436 2411 3500 de
2452 3438 2627 3500 Alex.
2662 3452 2867 3502 narm-

684 3537 930 3607 tionum,
957 3554 1137 3614 quam
1173 3535 1636 3613 gubernatorum
1684 3533 1985 3596 navalium
2032 3533 2297 3612 ejusdem
2336 3543 2627 3596 rectorem
2669 3533 2869 3598 dicere

636 3650 641 3655 ·
681 3632 896 3710 possis.
980 3629 1272 3710 Equidem
1302 3640 1594 3712 quotquot
1621 3630 2028 3691 Alexandrum
2067 3631 2350 3702 comitati,
2394 3628 2471 3691 de
2518 3630 2695 3692 'rebus
2733 3629 2869 3708 ejus

685 3727 873 3806 gestis
901 3726 1126 3806 aliquid
1156 3727 1476 3806 scripsere:
1530 3728 1570 3787 ii
1614 3725 1967 3786 admiranda
1991 3725 2145 3786 veris
2174 3726 2673 3800 antehabuerunt,
2698 3743 2872 3800 mon-

687 3822 896 3884 strosis
950 3832 1151 3889 tamen
1205 3823 1641 3884 narrationibus
1691 3841 1895 3882 omnes
1942 3841 2047 3882 eos
2101 3822 2201 3884 hie
2254 3841 2572 3902 superasse
2613 3819 2866 3884 videtur.

687 3921 924 3981 Nomen
971 3919 1149 4000 hujus
1192 3928 1530 4000 corruptum
1571 3918 1819 3980 arbitror
1851 3918 2008 3999 apud
2039 3919 2285 3981 Lucian.
2314 3918 2389 3979 de
2418 3915 2869 3982 conscribenda

687 4017 950 4080 historia.
1036 4017 1118 4078 Ut
1145 4017 1300 4076 enim
1327 4015 1621 4094 conjicere
1660 4027 1775 4089 est,
1800 4015 1901 4077 hic
1947 4015 2081 4090 fuit,
2110 4015 2189 4080 ad
2228 4035 2404 4096 quem
2435 4016 2609 4077 Alex.
2638 4014 2869 4078 dixisse

687 4113 888 4185 fertur,
917 4110 1082 4174 haud
1107 4113 1284 4173 dubie
1325 4112 1629 4174 historiam
1674 4113 1729 4173 ei
1774 4132 1943 4175 suam
1969 4112 2333 4183 offerentem,
2360 4122 2568 4192 optare
2596 4131 2684 4185 se,
2709 4118 2783 4172 ut
2802 4109 2869 4174 in

687 4210 866 4273 vitam
891 4210 1082 4272 redire
1127 4219 1356 4292 posset,
1403 4220 1464 4272 et
1505 4229 1891 4290 cognoscere,
1930 4211 2145 4291 quibus
2188 4209 2399 4272 animis
2440 4209 2617 4274 istam
2664 4223 2874 4272 narra·
