3222 4944
962 364 1026 421 Q.
1073 358 1332 409 cunm
1382 358 1584 408 Ruri·
1614 358 1761 407 mn.
1810 358 1918 406 nt.
1962 360 2123 409 cAr.
2165 345 2228 407 4.

474 498 601 565 rav,
630 516 780 553 voces
820 498 1035 551 inversae'
1070 498 1207 551 sunt.
1238 503 1245 510 ’
1271 502 1518 567 Equitum

479 594 601 628 vero
627 591 680 629 x.
717 592 782 629 u.
807 588 1020 643 ‘quoque
1053 576 1518 641 agnoseit‘Diodo-

477 664 583 714 rus,
601 654 853 711 Justinus,
873 662 928 703 et
949 654 1164 703 Orosius
1195 666 1285 702 nx.
1309 666 1373 703 u.
1396 654 1518 703 Plu·

479 725 682 779 tsi-chus
713 742 810 779 xx.
835 742 898 779 κ.
919 729 1190 778 Lemnius.
1259 728 1518 789 Oetagintu

475 804 646 869 anaia]
690 805 816 866 Alii,
850 806 1032 855 Nereus
1067 805 1236 856 nmio.
1298 804 1361 853 Id
1401 804 1517 853 cum

474 878 654 929 falsum
678 892 790 930 esse
806 895 955 931 nemo
971 880 1175 931 dubitet
1193 897 1208 941 ς
1242 881 1420 931 Curtio
1437 894 1516 929 re·

475 956 764 1006 donandum
787 958 983 1020 putavi,
1004 956 1138 1022 quod
1173 959 1336 1021 ipsum
1357 958 1514 1021 scrip·

471 1033 615 1095 sisse,
633 1032 831 1081 etiamsi
852 1033 1064 1082 aliorum
1085 1034 1392 1095 scriptorum
1414 1043 1516 1097 ope

471 1105 572 1155 non
599 1106 918 1169 juvaremur,
949 1114 1089 1157 totus
1119 1108 1201 1157 liic
1231 1109 1377 1157 locus
1409 1109 1513 1157 ela-

467 1188 590 1231 mat.
655 1182 915 1233 Diodorus
945 1196 1088 1233 xvn.
1115 1186 1197 1233 98.
1233 1182 1367 1231 unde
1399 1182 1512 1232 haec

465 1254 752 1321 desumpta,
769 1258 984 1308 totidem
1003 1266 1254 1307 numerat.
1271 1268 1326 1307 et
1341 1270 1514 1321 quam-

464 1344 614 1393 quam
655 1332 719 1380 ad
757 1333 1086 1382 novenarium
1126 1345 1392 1381 numerum
1435 1333 1512 1381 in-

463 1404 658 1454 clinent
694 1406 782 1454 aiii
817 1406 976 1466 libri3
1009 1414 1179 1456 tamen
1216 1420 1283 1455 ex
1317 1406 1434 1456 Pal.
1475 1422 1514 1458 ι.

465 1478 556 1541 qui
585 1479 733 1529 VIII.
755 1480 833 1529 M.
865 1479 1045 1540 babet,
1076 1480 1309 1529 Curtium
1333 1496 1366 1529 a
1387 1482 1513 1530 Dio-

465 1552 596 1603 doro
649 1567 751 1603 non
817 1554 1108 1604 discessisse
1177 1554 1512 1620 deprehendi.

465 1626 688 1676 Freinsh-

530 1704 558 1765 ς
583 1706 646 1753 17
683 1704 1076 1767 Gangraenam
1097 1710 1147 1755 et
1166 1720 1272 1767 qua
1287 1706 1420 1755 altra
1439 1722 1512 1757 es·

460 1774 582 1839 seat,
600 1784 781 1827 coaetos
796 1777 1139 1843 transmittere]
1169 1781 1414 1844 Sequitur
1437 1782 1511 1830 lo-

382 1889 418 1909 „2
461 1856 570 1914 ens‘,
591 1853 656 1902 ad
677 1868 828 1917 quem
853 1856 1232 1919 explanandum
1257 1857 1336 1905 vel
1362 1856 1510 1905 OEdi-

462 1941 549 1989 po,
573 1928 656 1978 vel
677 1929 912 1991 Daedalo,
935 1932 1018 1980 vel
1051 1932 1271 1995 Theseo,
1292 1933 1372 1980 vel
1399 1932 1506 1981 De-

459 2001 530 2052 lio
553 2002 721 2067 aliquo
755 2012 992 2054 natator-e
1014 2020 1140 2070 opus
1171 2006 1276 2057 sit:
1310 2015 1508 2071 pugnat

461 2076 595 2126 euim
617 2084 760 2127 recta
777 2076 950 2129 fronte
965 2096 1078 2130 cum
1100 2082 1364 2144 superiore
1386 2097 1504 2146 cap.

459 2153 508 2199 ⁸.
550 2150 860 2213 explanatm·
886 2153 974 2201 nbi
1023 2168 1138 2204 cum
1181 2157 1508 2220 explicasset,

461 2226 716 2288 quomodo
735 2228 1048 2277 Macedones
1079 2231 1504 2281 transmissionem

460 2298 658 2365 Gangis
677 2310 732 2351 et
751 2302 1052 2353 ulteriorum
1083 2305 1348 2366 regionum
1379 2307 1508 2354 mul-

457 2374 524 2422 tis
555 2375 781 2426 lacrimis
818 2384 1090 2441 perorante
1131 2378 1292 2428 Coeno
1319 2376 1506 2441 depre-

458 2450 565 2500 cati
591 2458 783 2513 essent,
804 2452 1032 2517 subjicit,
1055 2453 1406 2504 Alexandrum
1436 2453 1505 2505 ad

459 2524 698 2589 Hypasin
721 2540 1040 2590 progressum
1067 2529 1152 2593 (nt
1173 2543 1289 2592 cap.
1310 2543 1392 2578 xv·
1411 2527 1505 2581 do·

457 2599 658 2664 encrat)
695 2601 768 2650 ibi
809 2593 1162 2653 recusantibus
1204 2604 1504 2655 Macedoni-

457 2674 553 2726 bus
605 2677 906 2728 ulteriorem
968 2677 1362 2742 profectionem,
1401 2693 1504 2729 xn-

456 2764 571 2800 aras
593 2764 972 2802 monumentum
992 2752 1336 2817 expeditionis
1357 2768 1506 2804 erex-

454 2823 570 2880 isse,
594 2821 872 2891 posteaque
899 2828 1162 2891 relegisse.
1181 2841 1298 2892 que
1331 2843 1504 2878 emen-

455 2913 540 2948 sus
577 2909 708 2962 erat,
743 2908 800 2951 et
837 2901 903 2950 ad
939 2902 1197 2953 Acesinen
1227 2919 1506 2969 reversum,

453 2973 525 3024 ibi
548 2983 717 3026 castra
748 2976 1014 3040 posuisse,
1045 2984 1100 3027 et
1120 2978 1257 3043 quod
1285 2980 1502 3042 amplius

455 3057 571 3100 est-⁶
620 3051 802 3102 Curtio
843 3049 1191 3116 suffragantur
1221 3054 1502 3117 scriptores

453 3135 616 3186 prope
644 3137 837 3186 omnes,
857 3125 1114 3175 Diodorus
1134 3127 1357 3191 inquam,
1377 3127 1503 3176 Plu-

453 3199 680 3258 tarelius,
715 3198 986 3259 Arrianus,
1021 3200 1380 3263 Philostratus,
1410 3203 1502 3250 So·

453 3271 610 3332 liuns,
641 3271 861 3332 δίποδος
893 3272 1030 3320 solus
1067 3272 1332 3334 Craterus,
1367 3273 1502 3323 refe-

455 3353 604 3396 rente
631 3345 890 3395 Strabone
919 3344 1084 3409 (quod
1119 3351 1174 3393 et
1205 3346 1504 3395 Eustatlsins

451 3433 520 3469 ex
541 3417 726 3468 eodem
757 3417 1012 3481 narravit)
1029 3419 1081 3467 in
1103 3417 1334 3469 fabulosa
1354 3419 1503 3483 Epis-

454 3495 562 3544 tola
582 3495 644 3544 ad
669 3495 1046 3556 Aristopatram
1068 3502 1288 3545 matrem
1309 3495 1504 3559 scripta

455 3569 696 3631 affirmat,
743 3569 1092 3621 Alexandrum
1147 3570 1212 3620 ad
1268 3571 1502 3636 Gangem

451 3659 614 3708 usque
636 3657 976 3707 progressum.
1017 3645 1120 3696 Sed
1139 3646 1327 3700 Strabo
1347 3647 1504 3697 docet

452 3721 594 3770 illum
616 3735 646 3768 a
665 3719 769 3771 fide
792 3720 1068 3770 remotiora
1089 3722 1314 3772 tradere.
1371 3723 1500 3774 Cum

452 3807 578 3857 ergo
600 3793 889 3844 Alexander
908 3809 1008 3844 nou
1039 3797 1198 3845 solnm
1237 3809 1336 3846 non
1357 3796 1501 3847 Gan-

454 3881 590 3932 gem,
627 3869 720 3919 sed
757 3885 857 3921 nee
899 3870 1186 3934 Hyphasim
1222 3873 1500 3938 transierit,

451 3944 704 4009 quomodo
732 3945 830 3996 hoe
861 3947 978 3996 loco
1008 3954 1291 4009 queruntur
1321 3946 1500 3998 Mace-

451 4019 632 4077 dones,
659 4035 710 4069 se
735 4025 916 4070 esurus
941 4021 1144 4083 Gangen
1163 4023 1500 4085 namura-e,

451 4103 508 4145 et
527 4097 714 4145 essss'sss
745 4095 846 4144 iilis
869 4097 1090 4158 Gangen,
1113 4108 1229 4144 cum
1261 4095 1356 4145 lioc
1379 4104 1499 4147 aute

454 4169 662 4221 Curtius
695 4182 946 4236 nusquam
975 4169 1223 4234 posuerit,
1253 4183 1498 4234 nuquam

2469 344 2641 410 1439

1588 500 1829 557 narrarit.
1844 500 1937 551 sed
1958 500 2151 550 diserte
2166 508 2223 551 et
2240 506 2421 553 exerte
2438 510 2645 553 contra·

1589 576 1721 626 rium
1736 576 2034 638 scripserit?
2066 576 2423 640 Expectabam
2442 577 2526 628 liic
2539 580 2641 628 cri·

1590 651 1669 699 sin
1704 650 1884 713 Medii,
1916 650 2153 715 ἂκρίβειιιν
2174 652 2429 701 Acidalii:
2464 654 2639 703 Conti-

1589 742 1743 775 cuere
1784 741 1979 788 omnes,
2031 728 2219 792 pressis
2260 743 2359 777 vox
2402 727 2637 779 faucibus

1589 802 1758 854 haesit.
1821 804 2111 855 Glareanus
2138 814 2309 855 tamen
2328 811 2508 855 coactos
2529 820 2634 854 mu·

1589 878 1801 927 tandum
1854 880 2053 942 putavit
2097 880 2147 929 in
2196 886 2424 943 coortu-n,
2472 886 2528 929 ut
2570 878 2637 930 de

1588 954 1887 1003 Alexandro
1910 955 1977 1005 ab
1994 956 2225 1006 exercitu
2246 965 2430 1006 coacto
2450 956 2641 1005 inteili-

1587 1036 1811 1092 geretur.
1874 1030 1975 1079 Sed
2014 1030 2237 1096 quando,
2276 1031 2385 1091 ubi,
2421 1037 2475 1081 et
2512 1046 2637 1095 quo—

1585 1104 1739 1153 modo
1772 1106 2028 1156 exercitus
2070 1105 2245 1171 coegit
2288 1106 2635 1157 Alexandrum

1586 1178 1817 1241 Gangem
1854 1182 2223 1243 transmittere,
2244 1196 2409 1247 quem·
2424 1182 2537 1245 ipse
2559 1197 2636 1230 re—

1585 1254 1787 1304 cusavit
1828 1256 2006 1319 sequi?
2058 1256 2215 1306 dvm
2267 1254 2441 1306 πάντα·
2492 1258 2637 1307 auxit

1584 1324 1959 1394 difficultatem,
1970 1345 2075 1380 non
2088 1332 2314 1392 sustulit,
2327 1339 2416 1380 aut
2432 1332 2635 1381 minuit.

1586 1400 1739 1451 Quod
1774 1402 1816 1450 si
1839 1402 2124 1453 Glareanus
2154 1410 2363 1455 emenus
2389 1406 2635 1455 munit·

1585 1480 1686 1525 tere
1705 1486 1931 1540 exponat
1956 1494 2049 1527 aon
2077 1480 2316 1542 irqiicere,
2347 1481 2637 1543 brooebmmv

1585 1550 1707 1612 erit,
1750 1560 1806 1601 et
1846 1554 2103 1603 contraria
2155 1554 2271 1604 voci
2312 1554 2637 1619 significatio,

1584 1628 1933 1678 transmittere
1954 1628 2089 1679 enim
2123 1628 2311 1679 flumen
2344 1636 2435 1679 aut
2470 1644 2633 1693 mare,

1580 1708 1663 1750 est
1704 1702 1957 1766 trajicere,
1998 1716 2101 1753 non
2154 1712 2353 1760 contra.
2394 1704 2635 1754 omittere

1581 1776 1664 1825 vel
1684 1791 1787 1826 non
1808 1778 2041 1829 transire.
2093 1778 2147 1828 Si
2168 1778 2279 1841 quis
2300 1778 2461 1839 dicat,
2478 1778 2631 1828 aliam

1578 1859 1805 1902 mentem
1826 1867 1939 1903 esse
1960 1852 2472 1916 Glareani‚coactum
2490 1868 2633 1904 nem-

1578 1942 1646 1991 pe
1686 1927 2035 1978 Alexandrum
2076 1928 2145 1978 sl»
2186 1929 2437 1991 exercitu,
2477 1942 2629 1991 quem

1578 2002 1894 2064 poenituerat
1916 2003 2102 2067 prioris
2137 2004 2351 2065 consilii,
2380 2002 2516 2068 quod
2540 2004 2631 2052 im-

1577 2078 1804 2140 pedisset
1826 2080 2261 2129 transmissionem
2279 2079 2491 2143 Gangis,
2514 2078 2633 2129 coii-

1579 2152 1713 2213 gisse
1738 2167 1858 2203 vero
1882 2160 2075 2216 postea,
2103 2160 2159 2202 et
2178 2154 2461 2203 exercitum
2484 2167 2630 2202 secu-

1579 2232 1705 2276 tum.
1772 2226 2000 2276 Primum
2052 2228 2152 2276 hoc
2204 2240 2449 2291 nusquam
2504 2227 2631 2277 dicit

1579 2300 1784 2350 Curtius
1804 2316 1819 2361 ς
1841 2301 2046 2359 deinde,
2064 2315 2163 2351 non
2184 2302 2495 2351 conveniunt
2506 2302 2630 2353 huic

1577 2376 1923 2436 explanationi
1960 2383 2391 2440 quoe'sequuntur
2425 2376 2477 2425 in
2514 2390 2631 2425 ora-

1575 2446 1717 2497 tione
1762 2450 2059 2513 Alexandri,
2105 2450 2191 2501 ubi
2236 2450 2383 2517 dicit,
2426 2464 2484 2501 se
2527 2452 2630 2505 illis

1577 2523 1795 2574 cessisse
1815 2523 2051 2588 Gangem
2070 2528 2431 2588 metuentibus,
2452 2535 2509 2576 et
2529 2529 2631 2576 iter

1577 2613 1608 2648 a
1649 2598 1833 2664 Gange
1870 2607 1925 2651 et
1961 2599 2290 2650 ulterioribus
2325 2600 2629 2662 declinasse,

1575 2672 1789 2723 rediisse
1804 2673 1869 2724 sd
1892 2673 2181 2724 Acesiuem.
2232 2673 2487 2723 Divinabo
2506 2688 2629 2738 ergo

1577 2764 1753 2800 veram
1800 2751 1968 2802 Curtii
2009 2752 2351 2815 scripturam:
2386 2749 2487 2799 imo
2525 2764 2627 2800 non

1575 2824 1835 2888 divinabo,
1858 2826 1951 2876 sed
1972 2835 2119 2876 certo
2142 2825 2383 2875 definiam
2406 2832 2460 2875 et
2492 2825 2628 2875 affir-

1574 2899 1745 2964 mabo,
1765 2915 1865 2952 non
1883 2916 1913 2950 e
1934 2915 2087 2951 manu
2103 2901 2348 2952 librorum
2373 2901 2454 2951 vel
2474 2901 2628 2952 libra·

1575 2977 1785 3036 riorum,
1805 2976 1897 3026 sed
1918 2984 2088 3027 mente
2104 2977 2289 3040 Curtii,
2304 2977 2627 3042 inseramque

1573 3052 1633 3102 τὸ
1650 3053 1788 3117 μέρος
1807 3054 2053 3117 ἀρνητικὸν
2072 3057 2401 3118 negationem
2418 3055 2625 3119 inquam

1573 3143 1687 3190 aon,
1722 3138 1779 3179 et
1804 3123 1982 3180 'locum
2025 3131 2100 3180 ita
2136 3129 2476 3178 constituam:
2512 3129 2627 3176 Noa

1573 3203 1762 3265 quidest
1786 3205 1989 3265 Gangen
2006 3217 2186 3253 umam
2206 3207 2251 3251 et
2274 3216 2379 3264 quo
2392 3201 2521 3250 altro
2551 3214 2626 3249 es·

1573 3282 1697 3336 sent,
1734 3284 1916 3326 coaetos
1953 3279 2293 3331 transmittere,
2336 3289 2430 3324 non
2468 3281 2627 3324 tmen

1559 3349 1737 3412 finisse
1776 3350 1961 3399 bellam.
2022 3351 2165 3398 Vera
2203 3351 2313 3396 hec
2354 3347 2628 3410 scriptura,

1577 3428 1632 3470 et
1652 3429 1797 3471 certa
1831 3423 1987 3472 lectio
2006 3435 2070 3472 ex
2092 3420 2319 3470 historiae
2336 3417 2479 3470 fides
2525 3421 2624 3470 Of-

1575 3496 1817 3551 fendcrat
1856 3498 2012 3548 eredo
2052 3495 2345 3562 imperitum
2382 3493 2623 3560 aliquem,

1574 3586 1672 3621 nec
1692 3579 1917 3622 mentem
1942 3571 2109 3622 Curtii
2130 3575 2441 3632 assecutum,
2464 3571 2625 3633 gemi-

1574 3660 1645 3695 na
1677 3646 1933 3709 particula
1946 3661 2056 3710 aon,
2076 3645 2253 3710 paucis
2273 3643 2442 3694 verbis
2462 3644 2623 3695 inter-

1565 3719 1725 3784 jectis
1760 3721 2004 3785 repetita,
2041 3722 2129 3786 qui
2160 3720 2299 3770 iilam
2342 3733 2407 3769 ex
2439 3718 2621 3770 Curtio

1572 3797 1847 3860 expunxit,
1886 3805 1943 3848 et
1986 3805 2153 3848 totum
2204 3796 2353 3846 simul
2394 3793 2620 3844 historie

1574 3887 1779 3924 sensnm
1812 3873 2019 3924 evertit.
2080 3872 2199 3922 Jam
2231 3868 2461 3932 attende,
2494 3883 2619 3935 quo·

1571 3949 1724 3998 modo
1747 3963 1813 3998 ex
1836 3947 1932 3998 hac
1966 3955 2138 3997 nostra
2168 3944 2541 4005 emendatione,
2562 3951 2619 3994 et

1571 4023 1720 4072 unius
1732 4023 1925 4074 vocnlae
1944 4021 2232 4073 necessaria
2242 4018 2619 4081 interjectione,

1569 4098 1743 4147 omnia
1772 4097 1868 4148 sibi
1899 4099 2035 4148 belle
2069 4095 2429 4160 respondeant,
2448 4094 2617 4145 omnia

1569 4178 1827 4234 constent,
1844 4173 2011 4224 omnia
2024 4172 2334 4223 cohereant.
2367 4167 2613 4222 Macedo·
