<?xml version="1.0" encoding="UTF-8"?>
<!DOCTYPE html PUBLIC "-//W3C//DTD XHTML 1.0 Transitional//EN"
    "http://www.w3.org/TR/xhtml1/DTD/xhtml1-transitional.dtd">
<html xmlns="http://www.w3.org/1999/xhtml" xml:lang="en" lang="en">
 <head>
  <title>
</title>
<meta http-equiv="Content-Type" content="text/html;charset=utf-8" />
  <meta name='ocr-system' content='tesseract 3.04.00' />
  <meta name='ocr-capabilities' content='ocr_page ocr_carea ocr_par ocr_line ocrx_word'/>
</head>
<body>
  <div class='ocr_page' id='page_1' title='image "./quinticurtiiruf04rufugoog_0338.png"; bbox 0 0 3222 4944; ppageno 0'>
   <div class='ocr_carea' id='block_1_1' title="bbox 558 389 2087 459">
    <p class='ocr_par' dir='ltr' id='par_1_1' title="bbox 558 389 2087 459">
     <span class='ocr_line' id='line_1_1' title="bbox 558 389 2087 459; baseline -0.002 -6"><span class='ocrx_word' id='word_1_1' title='bbox 558 389 731 459; x_wconf 80' lang='lat'>1576</span> <span class='ocrx_word' id='word_1_2' title='bbox 1200 404 1373 455; x_wconf 76' lang='lat' dir='ltr'>cun.</span> <span class='ocrx_word' id='word_1_3' title='bbox 1420 404 1778 453; x_wconf 56' lang='lat' dir='ltr'>cmstnmn</span> <span class='ocrx_word' id='word_1_4' title='bbox 1827 406 2087 455; x_wconf 63' lang='lat' dir='ltr'>surra.</span> 
     </span>
    </p>
   </div>
   <div class='ocr_carea' id='block_1_2' title="bbox 558 555 2738 2457">
    <p class='ocr_par' dir='ltr' id='par_1_2' title="bbox 558 555 2738 2457">
     <span class='ocr_line' id='line_1_2' title="bbox 560 555 2738 636; baseline -0.003 -19"><span class='ocrx_word' id='word_1_5' title='bbox 560 570 713 629; x_wconf 84' lang='lat' dir='ltr'>rant,</span> <span class='ocrx_word' id='word_1_6' title='bbox 760 559 819 616; x_wconf 89' lang='lat' dir='ltr'>in</span> <span class='ocrx_word' id='word_1_7' title='bbox 862 558 1127 616; x_wconf 85' lang='lat' dir='ltr'>ubertate</span> <span class='ocrx_word' id='word_1_8' title='bbox 1168 568 1363 616; x_wconf 88' lang='lat' dir='ltr'>autem</span> <span class='ocrx_word' id='word_1_9' title='bbox 1410 557 1788 616; x_wconf 80' lang='lat' dir='ltr'>Freinshemii</span> <span class='ocrx_word' id='word_1_10' title='bbox 1831 557 2078 615; x_wconf 82' lang='lat' dir='ltr'>multum</span> <span class='ocrx_word' id='word_1_11' title='bbox 2121 555 2399 636; x_wconf 85' lang='lat' dir='ltr'>temporis</span> <span class='ocrx_word' id='word_1_12' title='bbox 2449 574 2738 617; x_wconf 86' lang='lat' dir='ltr'>consum-.</span> 
     </span>
     <span class='ocr_line' id='line_1_3' title="bbox 563 651 2725 733; baseline -0 -21"><span class='ocrx_word' id='word_1_13' title='bbox 563 654 735 726; x_wconf 86' lang='lat' dir='ltr'>sisse,</span> <span class='ocrx_word' id='word_1_14' title='bbox 765 664 827 713; x_wconf 91' lang='lat' dir='ltr'>et</span> <span class='ocrx_word' id='word_1_15' title='bbox 852 654 1087 731; x_wconf 87' lang='lat' dir='ltr'>legendi</span> <span class='ocrx_word' id='word_1_16' title='bbox 1118 672 1287 731; x_wconf 73' lang='lat' dir='ltr'>paene</span> <span class='ocrx_word' id='word_1_17' title='bbox 1318 654 1561 731; x_wconf 79' lang='lat' dir='ltr'>fregisse</span> <span class='ocrx_word' id='word_1_18' title='bbox 1587 652 1989 733; x_wconf 79' lang='lat' dir='ltr'>cupiditatem,</span> <span class='ocrx_word' id='word_1_19' title='bbox 2021 665 2084 711; x_wconf 85' lang='lat' dir='ltr'>ut</span> <span class='ocrx_word' id='word_1_20' title='bbox 2113 651 2187 711; x_wconf 90' lang='lat' dir='ltr'>ad</span> <span class='ocrx_word' id='word_1_21' title='bbox 2219 652 2406 711; x_wconf 89' lang='lat' dir='ltr'>Curtii</span> <span class='ocrx_word' id='word_1_22' title='bbox 2435 653 2725 733; x_wconf 75' lang='lat' dir='ltr'>genuinos</span> 
     </span>
     <span class='ocr_line' id='line_1_4' title="bbox 558 747 2729 829; baseline 0 -22"><span class='ocrx_word' id='word_1_23' title='bbox 558 750 737 810; x_wconf 86' lang='lat' dir='ltr'>libros</span> <span class='ocrx_word' id='word_1_24' title='bbox 764 747 1142 829; x_wconf 86' lang='lat' dir='ltr'>postmodum</span> <span class='ocrx_word' id='word_1_25' title='bbox 1172 760 1507 827; x_wconf 74' lang='lat' dir='ltr'><strong>torperent:</strong></span> <span class='ocrx_word' id='word_1_26' title='bbox 1552 769 1707 808; x_wconf 82' lang='lat' dir='ltr'>novo</span> <span class='ocrx_word' id='word_1_27' title='bbox 1749 748 1948 819; x_wconf 89' lang='lat' dir='ltr'>modo,</span> <span class='ocrx_word' id='word_1_28' title='bbox 1985 768 2122 827; x_wconf 80' lang='lat' dir='ltr'>quae</span> <span class='ocrx_word' id='word_1_29' title='bbox 2161 750 2399 821; x_wconf 88' lang='lat' dir='ltr'>desunt,</span> <span class='ocrx_word' id='word_1_30' title='bbox 2428 768 2531 828; x_wconf 83' lang='lat' dir='ltr'>per</span> <span class='ocrx_word' id='word_1_31' title='bbox 2569 766 2729 807; x_wconf 82' lang='lat' dir='ltr'>sum-</span> 
     </span>
     <span class='ocr_line' id='line_1_5' title="bbox 560 844 2728 927; baseline -0.001 -22"><span class='ocrx_word' id='word_1_32' title='bbox 560 847 744 905; x_wconf 86' lang='lat' dir='ltr'>maria</span> <span class='ocrx_word' id='word_1_33' title='bbox 767 845 1048 918; x_wconf 86' lang='lat' dir='ltr'>indicare,</span> <span class='ocrx_word' id='word_1_34' title='bbox 1090 846 1360 923; x_wconf 87' lang='lat' dir='ltr'>notisque</span> <span class='ocrx_word' id='word_1_35' title='bbox 1402 845 1712 905; x_wconf 82' lang='lat' dir='ltr'>substratis</span> <span class='ocrx_word' id='word_1_36' title='bbox 1751 846 2052 905; x_wconf 84' lang='lat' dir='ltr'>declarare</span> <span class='ocrx_word' id='word_1_37' title='bbox 2081 846 2314 927; x_wconf 86' lang='lat' dir='ltr'>singula</span> <span class='ocrx_word' id='word_1_38' title='bbox 2341 844 2728 915; x_wconf 84' lang='lat' dir='ltr'>instituimus,</span> 
     </span>
     <span class='ocr_line' id='line_1_6' title="bbox 563 940 2729 1023; baseline 0 -24"><span class='ocrx_word' id='word_1_39' title='bbox 563 952 629 1001; x_wconf 91' lang='lat' dir='ltr'>ut</span> <span class='ocrx_word' id='word_1_40' title='bbox 682 942 913 1002; x_wconf 88' lang='lat' dir='ltr'>animus</span> <span class='ocrx_word' id='word_1_41' title='bbox 960 941 1187 1020; x_wconf 84' lang='lat' dir='ltr'>integer</span> <span class='ocrx_word' id='word_1_42' title='bbox 1228 940 1306 1000; x_wconf 89' lang='lat' dir='ltr'>ad</span> <span class='ocrx_word' id='word_1_43' title='bbox 1348 946 1418 1000; x_wconf 73' lang='grc' dir='ltr'>τὰ</span> <span class='ocrx_word' id='word_1_44' title='bbox 1463 950 1673 1015; x_wconf 77' lang='grc' dir='ltr'><strong><em>γνήσια</em></strong></span> <span class='ocrx_word' id='word_1_45' title='bbox 1717 942 1902 1002; x_wconf 78' lang='lat' dir='ltr'><strong>nostri</strong></span> <span class='ocrx_word' id='word_1_46' title='bbox 1941 942 2240 1023; x_wconf 86' lang='lat' dir='ltr'>scriptoris</span> <span class='ocrx_word' id='word_1_47' title='bbox 2283 940 2580 1011; x_wconf 77' lang='lat' dir='ltr'>afferatur,</span> <span class='ocrx_word' id='word_1_48' title='bbox 2619 958 2729 999; x_wconf 83' lang='lat' dir='ltr'>nee</span> 
     </span>
     <span class='ocr_line' id='line_1_7' title="bbox 561 1036 2730 1119; baseline -0.001 -22"><span class='ocrx_word' id='word_1_49' title='bbox 561 1049 760 1097; x_wconf 85' lang='lat' dir='ltr'>tamen</span> <span class='ocrx_word' id='word_1_50' title='bbox 801 1038 961 1098; x_wconf 88' lang='lat' dir='ltr'>rudis</span> <span class='ocrx_word' id='word_1_51' title='bbox 998 1038 1303 1117; x_wconf 87' lang='lat' dir='ltr'>inanisque</span> <span class='ocrx_word' id='word_1_52' title='bbox 1348 1056 1537 1097; x_wconf 89' lang='lat' dir='ltr'>rerum</span> <span class='ocrx_word' id='word_1_53' title='bbox 1582 1038 1680 1108; x_wconf 86' lang='lat' dir='ltr'>sit,</span> <span class='ocrx_word' id='word_1_54' title='bbox 1723 1057 1876 1116; x_wconf 83' lang='lat' dir='ltr'>quas</span> <span class='ocrx_word' id='word_1_55' title='bbox 1917 1048 2245 1119; x_wconf 86' lang='lat' dir='ltr'>temporum</span> <span class='ocrx_word' id='word_1_56' title='bbox 2301 1036 2616 1116; x_wconf 80' lang='lat' dir='ltr'><strong>iniquitate</strong></span> <span class='ocrx_word' id='word_1_57' title='bbox 2667 1037 2730 1095; x_wconf 89' lang='lat' dir='ltr'>in</span> 
     </span>
     <span class='ocr_line' id='line_1_8' title="bbox 564 1132 2731 1213; baseline -0.001 -21"><span class='ocrx_word' id='word_1_58' title='bbox 564 1134 771 1193; x_wconf 87' lang='lat' dir='ltr'>Curtio</span> <span class='ocrx_word' id='word_1_59' title='bbox 810 1132 1193 1212; x_wconf 87' lang='lat' dir='ltr'>perdidimus.</span> <span class='ocrx_word' id='word_1_60' title='bbox 1302 1134 1455 1192; x_wconf 86' lang='lat' dir='ltr'>Nam</span> <span class='ocrx_word' id='word_1_61' title='bbox 1502 1132 1720 1212; x_wconf 77' lang='lat' dir='ltr'><strong>stylum</strong></span> <span class='ocrx_word' id='word_1_62' title='bbox 1775 1134 2192 1213; x_wconf 81' lang='lat' dir='ltr'>ingeniumque</span> <span class='ocrx_word' id='word_1_63' title='bbox 2236 1134 2422 1193; x_wconf 88' lang='lat' dir='ltr'>Curtii</span> <span class='ocrx_word' id='word_1_64' title='bbox 2471 1150 2731 1210; x_wconf 80' lang='lat' dir='ltr'>sequare,</span> 
     </span>
     <span class='ocr_line' id='line_1_9' title="bbox 564 1228 2728 1307; baseline -0.002 -18"><span class='ocrx_word' id='word_1_65' title='bbox 564 1248 743 1307; x_wconf 83' lang='lat' dir='ltr'>supra</span> <span class='ocrx_word' id='word_1_66' title='bbox 798 1228 1193 1289; x_wconf 88' lang='lat' dir='ltr'>conditionem</span> <span class='ocrx_word' id='word_1_67' title='bbox 1248 1229 1447 1289; x_wconf 86' lang='lat' dir='ltr'>sseculi</span> <span class='ocrx_word' id='word_1_68' title='bbox 1502 1231 1686 1289; x_wconf 79' lang='lat' dir='ltr'><strong>nostri</strong></span> <span class='ocrx_word' id='word_1_69' title='bbox 1743 1249 1875 1287; x_wconf 84' lang='lat' dir='ltr'>esse</span> <span class='ocrx_word' id='word_1_70' title='bbox 1928 1231 2352 1291; x_wconf 80' lang='lat' dir='ltr'>existimamus.</span> <span class='ocrx_word' id='word_1_71' title='bbox 2437 1230 2513 1287; x_wconf 91' lang='lat' dir='ltr'>Et</span> <span class='ocrx_word' id='word_1_72' title='bbox 2567 1230 2616 1287; x_wconf 90' lang='lat' dir='ltr'>si</span> <span class='ocrx_word' id='word_1_73' title='bbox 2667 1228 2728 1285; x_wconf 86' lang='lat' dir='ltr'>in</span> 
     </span>
     <span class='ocr_line' id='line_1_10' title="bbox 564 1324 2732 1404; baseline -0.001 -20"><span class='ocrx_word' id='word_1_74' title='bbox 564 1327 745 1397; x_wconf 81' lang='lat' dir='ltr'>Livio,</span> <span class='ocrx_word' id='word_1_75' title='bbox 778 1325 1046 1404; x_wconf 82' lang='lat' dir='ltr'>Polybio,</span> <span class='ocrx_word' id='word_1_76' title='bbox 1076 1345 1145 1385; x_wconf 87' lang='lat' dir='ltr'>ac</span> <span class='ocrx_word' id='word_1_77' title='bbox 1191 1325 1451 1384; x_wconf 89' lang='lat' dir='ltr'>Diodoro</span> <span class='ocrx_word' id='word_1_78' title='bbox 1493 1325 1694 1386; x_wconf 87' lang='lat' dir='ltr'>Siculo</span> <span class='ocrx_word' id='word_1_79' title='bbox 1734 1328 2024 1404; x_wconf 73' lang='lat' dir='ltr'>excerptis</span> <span class='ocrx_word' id='word_1_80' title='bbox 2062 1326 2390 1386; x_wconf 87' lang='lat' dir='ltr'>summariis</span> <span class='ocrx_word' id='word_1_81' title='bbox 2431 1324 2732 1398; x_wconf 78' lang='lat' dir='ltr'>librorum,</span> 
     </span>
     <span class='ocr_line' id='line_1_11' title="bbox 562 1418 2730 1501; baseline -0.001 -22"><span class='ocrx_word' id='word_1_82' title='bbox 562 1423 665 1501; x_wconf 91' lang='lat' dir='ltr'>qui</span> <span class='ocrx_word' id='word_1_83' title='bbox 712 1420 1141 1491; x_wconf 80' lang='lat' dir='ltr'>desiderantur,</span> <span class='ocrx_word' id='word_1_84' title='bbox 1184 1431 1415 1500; x_wconf 87' lang='lat' dir='ltr'><strong>oportet</strong></span> <span class='ocrx_word' id='word_1_85' title='bbox 1457 1440 1565 1479; x_wconf 88' lang='lat' dir='ltr'>nos</span> <span class='ocrx_word' id='word_1_86' title='bbox 1606 1432 1920 1481; x_wconf 87' lang='lat' dir='ltr'>contentos</span> <span class='ocrx_word' id='word_1_87' title='bbox 1962 1441 2117 1495; x_wconf 87' lang='lat' dir='ltr'>esse,</span> <span class='ocrx_word' id='word_1_88' title='bbox 2174 1421 2316 1500; x_wconf 92' lang='lat' dir='ltr'>quid</span> <span class='ocrx_word' id='word_1_89' title='bbox 2357 1440 2477 1481; x_wconf 86' lang='lat' dir='ltr'>non</span> <span class='ocrx_word' id='word_1_90' title='bbox 2518 1418 2730 1479; x_wconf 81' lang='lat' dir='ltr'>eadem</span> 
     </span>
     <span class='ocr_line' id='line_1_12' title="bbox 565 1516 2728 1596; baseline -0 -21"><span class='ocrx_word' id='word_1_91' title='bbox 565 1516 842 1596; x_wconf 85' lang='lat' dir='ltr'>sequitate</span> <span class='ocrx_word' id='word_1_92' title='bbox 862 1516 1153 1595; x_wconf 85' lang='lat' dir='ltr'>jacturam</span> <span class='ocrx_word' id='word_1_93' title='bbox 1184 1516 1432 1575; x_wconf 80' lang='lat' dir='ltr'>feremus</span> <span class='ocrx_word' id='word_1_94' title='bbox 1460 1516 1710 1589; x_wconf 86' lang='lat' dir='ltr'>illorum,</span> <span class='ocrx_word' id='word_1_95' title='bbox 1739 1538 1872 1595; x_wconf 84' lang='lat' dir='ltr'>quse</span> <span class='ocrx_word' id='word_1_96' title='bbox 1903 1517 2029 1577; x_wconf 85' lang='lat' dir='ltr'>sine</span> <span class='ocrx_word' id='word_1_97' title='bbox 2062 1531 2265 1577; x_wconf 89' lang='lat' dir='ltr'>nostra</span> <span class='ocrx_word' id='word_1_98' title='bbox 2285 1517 2462 1596; x_wconf 90' lang='lat' dir='ltr'>culpa</span> <span class='ocrx_word' id='word_1_99' title='bbox 2485 1536 2558 1576; x_wconf 80' lang='lat' dir='ltr'>ex</span> <span class='ocrx_word' id='word_1_100' title='bbox 2581 1518 2728 1575; x_wconf 90' lang='lat' dir='ltr'>Cur-</span> 
     </span>
     <span class='ocr_line' id='line_1_13' title="bbox 562 1612 2735 1693; baseline 0 -22"><span class='ocrx_word' id='word_1_101' title='bbox 562 1612 628 1672; x_wconf 88' lang='lat' dir='ltr'>tii</span> <span class='ocrx_word' id='word_1_102' title='bbox 658 1612 1053 1671; x_wconf 79' lang='lat' dir='ltr'>monumentis</span> <span class='ocrx_word' id='word_1_103' title='bbox 1080 1612 1421 1671; x_wconf 76' lang='lat' dir='ltr'>amisimus?</span> <span class='ocrx_word' id='word_1_104' title='bbox 1504 1613 1595 1671; x_wconf 92' lang='lat' dir='ltr'>De</span> <span class='ocrx_word' id='word_1_105' title='bbox 1634 1613 1955 1691; x_wconf 76' lang='lat' dir='ltr'>particulis,</span> <span class='ocrx_word' id='word_1_106' title='bbox 1987 1633 2124 1693; x_wconf 82' lang='lat' dir='ltr'>quse</span> <span class='ocrx_word' id='word_1_107' title='bbox 2156 1614 2361 1693; x_wconf 88' lang='lat' dir='ltr'>quinto</span> <span class='ocrx_word' id='word_1_108' title='bbox 2401 1623 2463 1673; x_wconf 92' lang='lat' dir='ltr'>et</span> <span class='ocrx_word' id='word_1_109' title='bbox 2501 1612 2735 1671; x_wconf 85' lang='lat' dir='ltr'>decimo</span> 
     </span>
     <span class='ocr_line' id='line_1_14' title="bbox 561 1708 2734 1781; baseline -0 -15"><span class='ocrx_word' id='word_1_110' title='bbox 561 1708 725 1767; x_wconf 88' lang='lat' dir='ltr'>libris</span> <span class='ocrx_word' id='word_1_111' title='bbox 754 1708 1118 1777; x_wconf 85' lang='lat' dir='ltr'>exciderunt,</span> <span class='ocrx_word' id='word_1_112' title='bbox 1149 1727 1256 1766; x_wconf 85' lang='lat' dir='ltr'>suo</span> <span class='ocrx_word' id='word_1_113' title='bbox 1286 1708 1418 1767; x_wconf 89' lang='lat' dir='ltr'>loco</span> <span class='ocrx_word' id='word_1_114' title='bbox 1447 1709 1898 1768; x_wconf 71' lang='lat' dir='ltr'>memorabimus</span> <span class='ocrx_word' id='word_1_115' title='bbox 1923 1729 1940 1768; x_wconf 69' lang='grc' dir='ltr'>ε</span> <span class='ocrx_word' id='word_1_116' title='bbox 1982 1728 2141 1769; x_wconf 88' lang='lat' dir='ltr'>nune</span> <span class='ocrx_word' id='word_1_117' title='bbox 2169 1708 2385 1769; x_wconf 73' lang='lat' dir='ltr'>soliciti</span> <span class='ocrx_word' id='word_1_118' title='bbox 2413 1726 2638 1781; x_wconf 83' lang='lat' dir='ltr'>sumus,</span> <span class='ocrx_word' id='word_1_119' title='bbox 2668 1716 2734 1769; x_wconf 89' lang='lat' dir='ltr'>ut</span> 
     </span>
     <span class='ocr_line' id='line_1_15' title="bbox 564 1798 2733 1889; baseline 0.001 -29"><span class='ocrx_word' id='word_1_120' title='bbox 564 1802 789 1880; x_wconf 86' lang='lat' dir='ltr'>priores</span> <span class='ocrx_word' id='word_1_121' title='bbox 830 1802 1012 1862; x_wconf 89' lang='lat' dir='ltr'>libros</span> <span class='ocrx_word' id='word_1_122' title='bbox 1040 1821 1155 1860; x_wconf 91' lang='lat' dir='ltr'>non</span> <span class='ocrx_word' id='word_1_123' title='bbox 1188 1802 1423 1880; x_wconf 88' lang='lat' dir='ltr'>quidem</span> <span class='ocrx_word' id='word_1_124' title='bbox 1450 1803 1639 1862; x_wconf 86' lang='lat' dir='ltr'>verbis</span> <span class='ocrx_word' id='word_1_125' title='bbox 1683 1823 1752 1862; x_wconf 90' lang='lat' dir='ltr'>ac</span> <span class='ocrx_word' id='word_1_126' title='bbox 1791 1798 1968 1883; x_wconf 60' lang='lat' dir='ltr'>stylo,</span> <span class='ocrx_word' id='word_1_127' title='bbox 2009 1804 2139 1865; x_wconf 85' lang='lat' dir='ltr'>sed’</span> <span class='ocrx_word' id='word_1_128' title='bbox 2163 1806 2319 1864; x_wconf 83' lang='lat' dir='ltr'>brevi</span> <span class='ocrx_word' id='word_1_129' title='bbox 2361 1804 2733 1889; x_wconf 79' lang='lat' dir='ltr'>materiarum</span> 
     </span>
     <span class='ocr_line' id='line_1_16' title="bbox 566 1895 2734 1979; baseline 0.003 -26"><span class='ocrx_word' id='word_1_130' title='bbox 566 1895 992 1973; x_wconf 82' lang='lat' dir='ltr'>significatione</span> <span class='ocrx_word' id='word_1_131' title='bbox 1034 1898 1428 1969; x_wconf 86' lang='lat' dir='ltr'>restituamus,</span> <span class='ocrx_word' id='word_1_132' title='bbox 1470 1917 1648 1977; x_wconf 90' lang='lat' dir='ltr'>quam</span> <span class='ocrx_word' id='word_1_133' title='bbox 1688 1900 1773 1959; x_wconf 89' lang='lat' dir='ltr'>ita</span> <span class='ocrx_word' id='word_1_134' title='bbox 1813 1899 2058 1958; x_wconf 86' lang='lat' dir='ltr'>divisam</span> <span class='ocrx_word' id='word_1_135' title='bbox 2100 1902 2397 1968; x_wconf 72' lang='lat' dir='ltr'>volumus:</span> <span class='ocrx_word' id='word_1_136' title='bbox 2439 1910 2508 1959; x_wconf 87' lang='lat' dir='ltr'>ut</span> <span class='ocrx_word' id='word_1_137' title='bbox 2547 1900 2734 1979; x_wconf 87' lang='lat' dir='ltr'>primo</span> 
     </span>
     <span class='ocr_line' id='line_1_17' title="bbox 566 1991 2734 2073; baseline 0.003 -24"><span class='ocrx_word' id='word_1_138' title='bbox 566 1991 714 2051; x_wconf 87' lang='lat' dir='ltr'>libro</span> <span class='ocrx_word' id='word_1_139' title='bbox 742 2011 816 2051; x_wconf 86' lang='lat' dir='ltr'>ea</span> <span class='ocrx_word' id='word_1_140' title='bbox 842 1992 1145 2070; x_wconf 83' lang='lat' dir='ltr'>scripsisse</span> <span class='ocrx_word' id='word_1_141' title='bbox 1176 1993 1440 2051; x_wconf 88' lang='lat' dir='ltr'>Curtium</span> <span class='ocrx_word' id='word_1_142' title='bbox 1468 1994 1800 2068; x_wconf 87' lang='lat' dir='ltr'>credamus,</span> <span class='ocrx_word' id='word_1_143' title='bbox 1828 2016 1962 2073; x_wconf 79' lang='lat' dir='ltr'>quoe</span> <span class='ocrx_word' id='word_1_144' title='bbox 1992 1994 2210 2055; x_wconf 90' lang='lat' dir='ltr'>bellum</span> <span class='ocrx_word' id='word_1_145' title='bbox 2239 1996 2538 2057; x_wconf 87' lang='lat' dir='ltr'>Persicum</span> <span class='ocrx_word' id='word_1_146' title='bbox 2568 2006 2734 2056; x_wconf 86' lang='lat' dir='ltr'>ante·</span> 
     </span>
     <span class='ocr_line' id='line_1_18' title="bbox 567 2086 2738 2169; baseline 0.002 -24"><span class='ocrx_word' id='word_1_147' title='bbox 567 2098 913 2147; x_wconf 87' lang='lat' dir='ltr'>cesserunt:</span> <span class='ocrx_word' id='word_1_148' title='bbox 959 2086 1142 2147; x_wconf 89' lang='lat' dir='ltr'>altero</span> <span class='ocrx_word' id='word_1_149' title='bbox 1170 2090 1392 2148; x_wconf 89' lang='lat' dir='ltr'>initium</span> <span class='ocrx_word' id='word_1_150' title='bbox 1425 2089 1579 2148; x_wconf 88' lang='lat' dir='ltr'>illius</span> <span class='ocrx_word' id='word_1_151' title='bbox 1607 2092 1746 2150; x_wconf 89' lang='lat' dir='ltr'>belli</span> <span class='ocrx_word' id='word_1_152' title='bbox 1782 2091 2154 2169; x_wconf 80' lang='lat' dir='ltr'>complexum</span> <span class='ocrx_word' id='word_1_153' title='bbox 2183 2106 2339 2153; x_wconf 84' lang='lat' dir='ltr'>esse.</span> <span class='ocrx_word' id='word_1_154' title='bbox 2425 2092 2576 2151; x_wconf 87' lang='lat' dir='ltr'>Nam</span> <span class='ocrx_word' id='word_1_155' title='bbox 2607 2093 2738 2150; x_wconf 83' lang='lat' dir='ltr'>lon·-</span> 
     </span>
     <span class='ocr_line' id='line_1_19' title="bbox 570 2178 2734 2265; baseline 0.003 -25"><span class='ocrx_word' id='word_1_156' title='bbox 570 2182 703 2259; x_wconf 88' lang='lat' dir='ltr'>gius</span> <span class='ocrx_word' id='word_1_157' title='bbox 728 2178 1013 2253; x_wconf 78' lang='lat' dir='ltr'>curtium,</span> <span class='ocrx_word' id='word_1_158' title='bbox 1031 2202 1209 2261; x_wconf 88' lang='lat' dir='ltr'>quam</span> <span class='ocrx_word' id='word_1_159' title='bbox 1241 2185 1570 2259; x_wconf 75' lang='lat' dir='ltr'>Attianum,</span> <span class='ocrx_word' id='word_1_160' title='bbox 1589 2188 1754 2246; x_wconf 89' lang='lat' dir='ltr'>initia</span> <span class='ocrx_word' id='word_1_161' title='bbox 1786 2187 2088 2265; x_wconf 84' lang='lat' dir='ltr'>repetiisse</span> <span class='ocrx_word' id='word_1_162' title='bbox 2116 2208 2188 2246; x_wconf 86' lang='lat' dir='ltr'>ex</span> <span class='ocrx_word' id='word_1_163' title='bbox 2217 2206 2290 2247; x_wconf 88' lang='lat' dir='ltr'>eo</span> <span class='ocrx_word' id='word_1_164' title='bbox 2318 2186 2594 2247; x_wconf 88' lang='lat' dir='ltr'>credibile</span> <span class='ocrx_word' id='word_1_165' title='bbox 2623 2198 2734 2259; x_wconf 87' lang='lat' dir='ltr'>est,</span> 
     </span>
     <span class='ocr_line' id='line_1_20' title="bbox 570 2277 2735 2365; baseline 0.003 -29"><span class='ocrx_word' id='word_1_166' title='bbox 570 2277 729 2355; x_wconf 91' lang='lat' dir='ltr'>quod</span> <span class='ocrx_word' id='word_1_167' title='bbox 758 2278 908 2337; x_wconf 88' lang='lat' dir='ltr'>duos</span> <span class='ocrx_word' id='word_1_168' title='bbox 936 2278 1195 2357; x_wconf 85' lang='lat' dir='ltr'>integros</span> <span class='ocrx_word' id='word_1_169' title='bbox 1226 2280 1411 2351; x_wconf 58' lang='lat' dir='ltr'>libros,</span> <span class='ocrx_word' id='word_1_170' title='bbox 1430 2282 1733 2359; x_wconf 80' lang='lat' dir='ltr'>proemisit,</span> <span class='ocrx_word' id='word_1_171' title='bbox 1761 2304 1916 2353; x_wconf 87' lang='lat' dir='ltr'>cum,</span> <span class='ocrx_word' id='word_1_172' title='bbox 1946 2302 2081 2361; x_wconf 76' lang='lat' dir='ltr'>qum</span> <span class='ocrx_word' id='word_1_173' title='bbox 2109 2303 2182 2343; x_wconf 87' lang='lat' dir='ltr'>ex</span> <span class='ocrx_word' id='word_1_174' title='bbox 2202 2284 2450 2345; x_wconf 81' lang='lat' dir='ltr'>Arriano</span> <span class='ocrx_word' id='word_1_175' title='bbox 2479 2284 2735 2365; x_wconf 88' lang='lat' dir='ltr'>suppleri</span> 
     </span>
     <span class='ocr_line' id='line_1_21' title="bbox 568 2374 1983 2457; baseline 0.004 -24"><span class='ocrx_word' id='word_1_176' title='bbox 568 2384 842 2452; x_wconf 86' lang='lat' dir='ltr'>possunt,</span> <span class='ocrx_word' id='word_1_177' title='bbox 864 2374 961 2432; x_wconf 81' lang='lat' dir='ltr'>vix</span> <span class='ocrx_word' id='word_1_178' title='bbox 990 2374 1088 2433; x_wconf 89' lang='lat' dir='ltr'>uni</span> <span class='ocrx_word' id='word_1_179' title='bbox 1116 2374 1263 2435; x_wconf 91' lang='lat' dir='ltr'>libro</span> <span class='ocrx_word' id='word_1_180' title='bbox 1292 2376 1602 2437; x_wconf 88' lang='lat' dir='ltr'>sufficiant.</span> <span class='ocrx_word' id='word_1_181' title='bbox 1689 2380 1778 2437; x_wconf 89' lang='lat' dir='ltr'>Sit</span> <span class='ocrx_word' id='word_1_182' title='bbox 1807 2380 1983 2457; x_wconf 85' lang='lat' dir='ltr'>igitur</span> 
     </span>
    </p>
   </div>
   <div class='ocr_carea' id='block_1_3' title="bbox 742 2773 2580 2858">
    <p class='ocr_par' dir='ltr' id='par_1_3' title="bbox 742 2773 2580 2858">
     <span class='ocr_line' id='line_1_22' title="bbox 742 2773 2580 2858; baseline 0.006 -11"><span class='ocrx_word' id='word_1_183' title='bbox 742 2773 1449 2858; x_wconf 82' lang='lat' dir='ltr'><strong>CONJECTURA</strong></span> <span class='ocrx_word' id='word_1_184' title='bbox 1546 2775 1702 2850; x_wconf 88' lang='lat' dir='ltr'>DE</span> <span class='ocrx_word' id='word_1_185' title='bbox 1779 2775 2580 2858; x_wconf 83' lang='lat' dir='ltr'><strong>SUPPLEMENTO</strong></span> 
     </span>
    </p>
   </div>
   <div class='ocr_carea' id='block_1_4' title="bbox 1464 2980 1856 3048">
    <p class='ocr_par' dir='ltr' id='par_1_4' title="bbox 1464 2980 1856 3048">
     <span class='ocr_line' id='line_1_23' title="bbox 1464 2980 1856 3048; baseline 0.031 -13"><span class='ocrx_word' id='word_1_186' title='bbox 1464 2980 1754 3048; x_wconf 77' lang='lat' dir='ltr'><strong>LIBRI</strong></span> <span class='ocrx_word' id='word_1_187' title='bbox 1800 2983 1856 3047; x_wconf 92' lang='lat'>1.</span> 
     </span>
    </p>
   </div>
   <div class='ocr_carea' id='block_1_5' title="bbox 1145 3190 2179 3276">
    <p class='ocr_par' dir='ltr' id='par_1_5' title="bbox 1145 3190 2179 3276">
     <span class='ocr_line' id='line_1_24' title="bbox 1145 3190 2179 3276; baseline 0.009 -29"><span class='ocrx_word' id='word_1_188' title='bbox 1145 3190 1191 3248; x_wconf 91' lang='lat'>1.</span> <span class='ocrx_word' id='word_1_189' title='bbox 1266 3191 1656 3272; x_wconf 72' lang='lat' dir='ltr'>Proloquimn</span> <span class='ocrx_word' id='word_1_190' title='bbox 1685 3195 1757 3263; x_wconf 84' lang='lat' dir='ltr'>Q.</span> <span class='ocrx_word' id='word_1_191' title='bbox 1788 3193 1985 3254; x_wconf 62' lang='lat' dir='ltr'>Garun·</span> <span class='ocrx_word' id='word_1_192' title='bbox 2013 3197 2179 3276; x_wconf 72' lang='lat' dir='ltr'>Rufi.</span> 
     </span>
    </p>
   </div>
   <div class='ocr_carea' id='block_1_6' title="bbox 572 3348 2742 3627">
    <p class='ocr_par' dir='ltr' id='par_1_6' title="bbox 572 3348 2742 3627">
     <span class='ocr_line' id='line_1_25' title="bbox 572 3348 2740 3438; baseline 0.006 -32"><span class='ocrx_word' id='word_1_193' title='bbox 572 3348 908 3422; x_wconf 77' lang='lat' dir='ltr'>ILLomm,</span> <span class='ocrx_word' id='word_1_194' title='bbox 950 3352 1048 3430; x_wconf 86' lang='lat' dir='ltr'>qui</span> <span class='ocrx_word' id='word_1_195' title='bbox 1094 3352 1411 3412; x_wconf 81' lang='lat' dir='ltr'>Alexandri</span> <span class='ocrx_word' id='word_1_196' title='bbox 1453 3375 1545 3414; x_wconf 87' lang='lat' dir='ltr'>res</span> <span class='ocrx_word' id='word_1_197' title='bbox 1595 3368 1796 3433; x_wconf 85' lang='lat' dir='ltr'>gestas</span> <span class='ocrx_word' id='word_1_198' title='bbox 1846 3359 2152 3436; x_wconf 85' lang='lat' dir='ltr'>scripsere,</span> <span class='ocrx_word' id='word_1_199' title='bbox 2193 3357 2310 3418; x_wconf 83' lang='lat' dir='ltr'>fide</span> <span class='ocrx_word' id='word_1_200' title='bbox 2356 3357 2740 3438; x_wconf 82' lang='lat' dir='ltr'>dignissimus</span> 
     </span>
     <span class='ocr_line' id='line_1_26' title="bbox 572 3445 2740 3529; baseline 0.005 -25"><span class='ocrx_word' id='word_1_201' title='bbox 572 3445 930 3507; x_wconf 70' lang='lat' dir='ltr'>Ptolemaeus</span> <span class='ocrx_word' id='word_1_202' title='bbox 961 3447 1104 3527; x_wconf 84' lang='lat' dir='ltr'>Lagi</span> <span class='ocrx_word' id='word_1_203' title='bbox 1134 3449 1383 3520; x_wconf 87' lang='lat' dir='ltr'>videtur,</span> <span class='ocrx_word' id='word_1_204' title='bbox 1422 3450 1581 3528; x_wconf 91' lang='lat' dir='ltr'>quod</span> <span class='ocrx_word' id='word_1_205' title='bbox 1620 3451 1748 3528; x_wconf 90' lang='lat' dir='ltr'>ipse</span> <span class='ocrx_word' id='word_1_206' title='bbox 1776 3455 1948 3512; x_wconf 85' lang='lat' dir='ltr'>rebus</span> <span class='ocrx_word' id='word_1_207' title='bbox 1979 3455 2339 3529; x_wconf 81' lang='lat' dir='ltr'>interfuerat,</span> <span class='ocrx_word' id='word_1_208' title='bbox 2369 3475 2476 3514; x_wconf 88' lang='lat' dir='ltr'>nec</span> <span class='ocrx_word' id='word_1_209' title='bbox 2505 3456 2648 3528; x_wconf 85' lang='lat' dir='ltr'>ulia,</span> <span class='ocrx_word' id='word_1_210' title='bbox 2691 3459 2740 3515; x_wconf 84' lang='lat' dir='ltr'>si</span> 
     </span>
     <span class='ocr_line' id='line_1_27' title="bbox 572 3543 2742 3627; baseline 0.005 -28"><span class='ocrx_word' id='word_1_211' title='bbox 572 3560 745 3600; x_wconf 88' lang='lat' dir='ltr'>secus</span> <span class='ocrx_word' id='word_1_212' title='bbox 772 3543 1125 3621; x_wconf 86' lang='lat' dir='ltr'>scripsisset,</span> <span class='ocrx_word' id='word_1_213' title='bbox 1166 3547 1424 3624; x_wconf 88' lang='lat' dir='ltr'>suspicio</span> <span class='ocrx_word' id='word_1_214' title='bbox 1451 3547 1596 3604; x_wconf 86' lang='lat' dir='ltr'>lucri</span> <span class='ocrx_word' id='word_1_215' title='bbox 1623 3549 1974 3625; x_wconf 85' lang='lat' dir='ltr'>apparebat:</span> <span class='ocrx_word' id='word_1_216' title='bbox 2017 3551 2314 3627; x_wconf 83' lang='lat' dir='ltr'>proximus</span> <span class='ocrx_word' id='word_1_217' title='bbox 2347 3551 2742 3625; x_wconf 76' lang='lat' dir='ltr'>AristobuluS,</span> 
     </span>
    </p>
   </div>
   <div class='ocr_carea' id='block_1_7' title="bbox 570 3637 2744 3792">
    <p class='ocr_par' dir='ltr' id='par_1_7' title="bbox 570 3637 2744 3792">
     <span class='ocr_line' id='line_1_28' title="bbox 572 3637 2744 3726; baseline 0.006 -31"><span class='ocrx_word' id='word_1_218' title='bbox 572 3655 721 3713; x_wconf 91' lang='lat' dir='ltr'>quos</span> <span class='ocrx_word' id='word_1_219' title='bbox 749 3638 927 3714; x_wconf 86' lang='lat' dir='ltr'>longo</span> <span class='ocrx_word' id='word_1_220' title='bbox 955 3637 1259 3700; x_wconf 83' lang='lat' dir='ltr'>intervallo</span> <span class='ocrx_word' id='word_1_221' title='bbox 1291 3641 1586 3702; x_wconf 89' lang='lat' dir='ltr'>Diodorus</span> <span class='ocrx_word' id='word_1_222' title='bbox 1616 3642 1870 3714; x_wconf 90' lang='lat' dir='ltr'>Siculus,</span> <span class='ocrx_word' id='word_1_223' title='bbox 1913 3663 2029 3704; x_wconf 89' lang='lat' dir='ltr'>non</span> <span class='ocrx_word' id='word_1_224' title='bbox 2073 3647 2263 3706; x_wconf 86' lang='lat' dir='ltr'>minus</span> <span class='ocrx_word' id='word_1_225' title='bbox 2294 3649 2490 3726; x_wconf 79' lang='lat' dir='ltr'>gravis</span> <span class='ocrx_word' id='word_1_226' title='bbox 2519 3658 2744 3721; x_wconf 85' lang='lat' dir='ltr'>auctor,</span> 
     </span>
     <span class='ocr_line' id='line_1_29' title="bbox 570 3734 2549 3792; baseline 0.006 -4"><span class='ocrx_word' id='word_1_227' title='bbox 570 3743 812 3791; x_wconf 87' lang='lat' dir='ltr'>secutus</span> <span class='ocrx_word' id='word_1_228' title='bbox 840 3743 953 3792; x_wconf 87' lang='lat' dir='ltr'>est.</span> <span class='ocrx_word' id='word_1_229' title='bbox 2537 3734 2549 3750; x_wconf 80' lang='grc'><strong><em>’</em></strong></span> 
     </span>
    </p>
   </div>
   <div class='ocr_carea' id='block_1_8' title="bbox 570 3896 2748 4212">
    <p class='ocr_par' dir='ltr' id='par_1_8' title="bbox 570 3896 2748 4212">
     <span class='ocr_line' id='line_1_30' title="bbox 636 3896 2748 3962; baseline 0.008 -19"><span class='ocrx_word' id='word_1_230' title='bbox 636 3897 708 3944; x_wconf 84' lang='lat' dir='ltr'>Ut</span> <span class='ocrx_word' id='word_1_231' title='bbox 730 3896 897 3944; x_wconf 68' lang='lat' dir='ltr'>soient</span> <span class='ocrx_word' id='word_1_232' title='bbox 913 3909 1083 3945; x_wconf 90' lang='lat' dir='ltr'>rerum</span> <span class='ocrx_word' id='word_1_233' title='bbox 1107 3897 1429 3962; x_wconf 80' lang='lat' dir='ltr'>antiquarum</span> <span class='ocrx_word' id='word_1_234' title='bbox 1453 3897 1752 3961; x_wconf 80' lang='lat' dir='ltr'>scriptores,</span> <span class='ocrx_word' id='word_1_235' title='bbox 1773 3900 1980 3952; x_wconf 78' lang='lat' dir='ltr'>vitietur</span> <span class='ocrx_word' id='word_1_236' title='bbox 2001 3903 2209 3956; x_wconf 79' lang='lat' dir='ltr'>Curtius</span> <span class='ocrx_word' id='word_1_237' title='bbox 2243 3907 2399 3957; x_wconf 81' lang='lat' dir='ltr'>etism</span> <span class='ocrx_word' id='word_1_238' title='bbox 2433 3905 2500 3956; x_wconf 84' lang='lat' dir='ltr'>de</span> <span class='ocrx_word' id='word_1_239' title='bbox 2523 3909 2748 3958; x_wconf 76' lang='lat' dir='ltr'>anctori-</span> 
     </span>
     <span class='ocr_line' id='line_1_31' title="bbox 570 3977 2748 4043; baseline 0.006 -17"><span class='ocrx_word' id='word_1_240' title='bbox 570 3985 703 4040; x_wconf 79' lang='lat' dir='ltr'>tate,</span> <span class='ocrx_word' id='word_1_241' title='bbox 725 3991 875 4041; x_wconf 78' lang='lat' dir='ltr'>quam</span> <span class='ocrx_word' id='word_1_242' title='bbox 898 3983 1161 4039; x_wconf 79' lang='lat' dir='ltr'>sequatur,</span> <span class='ocrx_word' id='word_1_243' title='bbox 1182 3977 1502 4040; x_wconf 77' lang='lat' dir='ltr'>pr‘aedixisse.</span> <span class='ocrx_word' id='word_1_244' title='bbox 1569 3979 1880 4043; x_wconf 82' lang='lat' dir='ltr'>conjectura</span> <span class='ocrx_word' id='word_1_245' title='bbox 1899 3984 1960 4032; x_wconf 83' lang='lat' dir='ltr'>de</span> <span class='ocrx_word' id='word_1_246' title='bbox 1983 3983 2268 4035; x_wconf 69' lang='lat' dir='ltr'>Ptolemaeo</span> <span class='ocrx_word' id='word_1_247' title='bbox 2285 3993 2340 4035; x_wconf 86' lang='lat' dir='ltr'>et</span> <span class='ocrx_word' id='word_1_248' title='bbox 2365 3987 2663 4038; x_wconf 80' lang='lat' dir='ltr'>Aristobulo</span> <span class='ocrx_word' id='word_1_249' title='bbox 2681 4003 2748 4038; x_wconf 75' lang='lat' dir='ltr'>ex</span> 
     </span>
     <span class='ocr_line' id='line_1_32' title="bbox 574 4057 2746 4128; baseline 0.003 -20"><span class='ocrx_word' id='word_1_250' title='bbox 574 4059 785 4108; x_wconf 77' lang='lat' dir='ltr'>Arriani</span> <span class='ocrx_word' id='word_1_251' title='bbox 810 4057 1114 4120; x_wconf 60' lang='lat' dir='ltr'>prefatione</span> <span class='ocrx_word' id='word_1_252' title='bbox 1136 4065 1249 4107; x_wconf 79' lang='lat' dir='ltr'>est:</span> <span class='ocrx_word' id='word_1_253' title='bbox 1282 4059 1349 4108; x_wconf 88' lang='lat' dir='ltr'>de</span> <span class='ocrx_word' id='word_1_254' title='bbox 1375 4059 1626 4116; x_wconf 81' lang='lat' dir='ltr'>Diodoro&#39;,</span> <span class='ocrx_word' id='word_1_255' title='bbox 1659 4075 1724 4109; x_wconf 84' lang='lat' dir='ltr'>ex</span> <span class='ocrx_word' id='word_1_256' title='bbox 1760 4064 2029 4128; x_wconf 83' lang='lat' dir='ltr'>utriusque</span> <span class='ocrx_word' id='word_1_257' title='bbox 2067 4065 2366 4128; x_wconf 76' lang='lat' dir='ltr'>collatione,</span> <span class='ocrx_word' id='word_1_258' title='bbox 2404 4067 2560 4117; x_wconf 79' lang='lat' dir='ltr'>etiam</span> <span class='ocrx_word' id='word_1_259' title='bbox 2597 4067 2746 4116; x_wconf 75' lang='lat' dir='ltr'>testi-</span> 
     </span>
     <span class='ocr_line' id='line_1_33' title="bbox 574 4139 2746 4212; baseline 0.003 -24"><span class='ocrx_word' id='word_1_260' title='bbox 574 4141 743 4188; x_wconf 85' lang='lat' dir='ltr'>monio</span> <span class='ocrx_word' id='word_1_261' title='bbox 766 4139 979 4190; x_wconf 82' lang='lat' dir='ltr'>Joannis</span> <span class='ocrx_word' id='word_1_262' title='bbox 1004 4139 1367 4188; x_wconf 81' lang='lat' dir='ltr'>Freinshemii:</span> <span class='ocrx_word' id='word_1_263' title='bbox 1406 4153 1693 4204; x_wconf 79' lang='lat' dir='ltr'>quanquam</span> <span class='ocrx_word' id='word_1_264' title='bbox 1727 4141 1936 4194; x_wconf 85' lang='lat' dir='ltr'>dubium</span> <span class='ocrx_word' id='word_1_265' title='bbox 1958 4151 2057 4206; x_wconf 80' lang='lat' dir='ltr'>est,</span> <span class='ocrx_word' id='word_1_266' title='bbox 2079 4160 2142 4194; x_wconf 82' lang='lat' dir='ltr'>an</span> <span class='ocrx_word' id='word_1_267' title='bbox 2167 4145 2465 4208; x_wconf 86' lang='lat' dir='ltr'>Diodorum,</span> <span class='ocrx_word' id='word_1_268' title='bbox 2507 4145 2746 4212; x_wconf 85' lang='lat' dir='ltr'>quod-re·</span> 
     </span>
    </p>
   </div>
   <div class='ocr_carea' id='block_1_9' title="bbox 570 4220 2746 4348">
    <p class='ocr_par' dir='ltr' id='par_1_9' title="bbox 570 4220 2746 4348">
     <span class='ocr_line' id='line_1_34' title="bbox 573 4220 2746 4290; baseline 0.005 -24"><span class='ocrx_word' id='word_1_269' title='bbox 573 4220 774 4268; x_wconf 74' lang='lat' dir='ltr'>cantior</span> <span class='ocrx_word' id='word_1_270' title='bbox 796 4229 931 4282; x_wconf 79' lang='lat' dir='ltr'>erat,</span> <span class='ocrx_word' id='word_1_271' title='bbox 953 4233 1170 4284; x_wconf 86' lang='lat' dir='ltr'>eumque</span> <span class='ocrx_word' id='word_1_272' title='bbox 1194 4220 1416 4284; x_wconf 79' lang='lat' dir='ltr'>pressius</span> <span class='ocrx_word' id='word_1_273' title='bbox 1434 4235 1793 4287; x_wconf 84' lang='lat' dir='ltr'>nonnunquam</span> <span class='ocrx_word' id='word_1_274' title='bbox 1812 4225 2147 4290; x_wconf 81' lang='lat' dir='ltr'>sequebatur,</span> <span class='ocrx_word' id='word_1_275' title='bbox 2184 4225 2484 4277; x_wconf 84' lang='lat' dir='ltr'>nominatim</span> <span class='ocrx_word' id='word_1_276' title='bbox 2508 4223 2746 4276; x_wconf 76' lang='lat' dir='ltr'>manifes-</span> 
     </span>
     <span class='ocr_line' id='line_1_35' title="bbox 570 4299 775 4348; baseline -0.015 -1"><span class='ocrx_word' id='word_1_277' title='bbox 570 4299 775 4348; x_wconf 78' lang='lat' dir='ltr'>taverit.</span> 
     </span>
    </p>
   </div>
  </div>
 </body>
</html>
