3222 4944
598 400 771 477 1590
1261 422 1437 471 cna.
1484 418 1852 471 cannam!
1901 420 2164 473 surm„

1044 672 1720 753 CHRISTOPH.
1811 674 2343 753 OELLARII

973 854 1652 919 SUPPLEMENTUM
1699 853 1787 914 m
1833 854 1988 916 Lm.
2028 854 2112 914 x.
2152 853 2338 916 cAP.
2389 853 2448 917 1.

663 1038 745 1091 Ne
760 1038 959 1091 Gracia
976 1037 1191 1103 quidem]
1226 1039 1360 1091 Qnae
1379 1036 1616 1087 hocloco
1641 1049 1808 1102 unque
1829 1033 1898 1085 ad
1921 1048 2037 1101 cap.
2059 1038 2112 1085 2.
2147 1034 2360 1099 desunt,
2377 1032 2455 1085 its
2477 1033 2810 1101 quodammo-

598 1121 669 1184 do
692 1138 759 1173 ex
782 1122 1018 1175 Diodoro
1038 1121 1130 1171 lib.
1154 1133 1296 1170 xvir.
1323 1123 1434 1169 108.
1458 1116 1693 1184 suppleri
1721 1123 1961 1182 possunt.

683 1221 777 1281 Ne
806 1218 1043 1283 Graecia
1070 1216 1312 1298 quidem
1342 1217 1706 1278 inconcussa
1748 1212 2009 1275 tumultu
2037 1212 2172 1275 fuit.
2260 1212 2413 1274 Cum
2444 1213 2603 1274 enim
2630 1212 2812 1275 Alex-

601 1316 789 1379 ander
824 1337 897 1377 ex
943 1314 1119 1377 India
1146 1333 1414 1376 reversus
1458 1313 1800 1394 praefectos,
1830 1311 1933 1393 qui
1976 1311 2294 1391 desperato
2321 1311 2451 1391 ejus
2489 1310 2682 1373 reditu
2709 1332 2813 1373 su·

599 1417 782 1497 perbe
824 1414 1203 1495 imperarant,
1244 1411 1509 1473 severius
1554 1409 1879 1491 punisset,·
1918 1409 2101 1471 ceteri
2161 1428 2422 1491 quoque,
2478 1408 2816 1491 provincia-

596 1511 741 1571 lium
768 1520 1103 1573 metuentes
1126 1510 1592 1584 accusationem,
1622 1527 1738 1587 ope
1767 1507 2263 1569 mercenariorum
2294 1506 2569 1579 militum,
2592 1507 2814 1587 quibus

599 1619 918 1690 proeerant,
944 1619 1008 1670 et
1028 1610 1171 1691 fuga
1188 1600 1214 1637 ι’
1254 1607 1367 1669 sibi
1395 1606 1654 1669 salutem
1676 1606 2047 1687 quaerebant.
2134 1602 2438 1686 Harpalus
2461 1602 2812 1685 Babylonius

599 1717 741 1789 post
770 1707 984 1767 Mazoei
1024 1716 1273 1766 mortem
1302 1705 1667 1795 praefectus,⁶
1694 1722 1832 1765 cum
1857 1700 2164 1763 luxuriose
2194 1700 2488 1773 vixisset?
2514 1701 2687 1762 venia
2707 1700 2815 1765 de·

604 1811 865 1881 sperata,
884 1821 949 1861 v.
980 1802 1243 1861 millibus
1274 1800 1565 1862 talentum
1584 1806 1608 1834 ⁰
1635 1799 1922 1881 correptis
1943 1818 2080 1861 cum
2099 1817 2198 1861 vr.
2226 1797 2484 1859 millibus
2507 1817 2812 1861 mercena-

600 1896 821 1958 riorum
848 1897 910 1958 in
941 1897 1241 1958 Graeciam
1268 1897 1550 1979 profugit,
1571 1899 1788 1976 quibus
1828 1906 2230 1977 persuaserat,
2259 1916 2324 1956 se
2352 1896 2607 1976 pecunia
2635 1896 2814 1957 effec-

601 2002 823 2069 turum,
866 2003 933 2055 ut
962 1993 1413 2057 Atheniensium
1452 1994 1665 2056 civitas
1711 1995 1999 2055 adversus
2043 2012 2246 2074 regem
2283 2012 2448 2055 arma
2493 1993 2716 2077 capiat,
2751 2003 2814 2053 et

600 2109 977 2152 communem
994 2108 1241 2153 oausam
1264 2100 1519 2151 tueatur.

666 2252 695 2279 ⁸
722 2245 991 2306 Pramus
1017 2246 1481 2314 mai-sputum]
1516 2247 1672 2300 curt.
1737 2244 2097 2311 τᾶνσροσόδυν
2123 2245 2218 2307 τὴν
2241 2243 2464 2311 φυλακὴν
2495 2242 2812 2307 mmm-2

603 2334 665 2373 x.
686 2323 737 2371 1.
758 2324 809 2371 8.
832 2320 993 2372 Diod·
1015 2334 1158 2375 xvn.
1179 2328 1300 2375 10οι
1737 2340 1834 2377 νος.
1903 2324 2250 2375 Theman
2264 2328 2318 2375 et
2331 2323 2640 2387 vangelis-
2653 2327 2816 2373 mte-

664 2395 689 2431 ὓ
726 2398 1238 2461 ommam-torm
1256 2398 1469 2465 sejuga]
1503 2397 1670 2451 Diod.
1737 2400 1834 2455 dio
1853 2398 2159 2465 proponam.

601 2489 651 2525 c.
676 2475 715 2526 Ι.
1801 2477 1827 2516 ⁴
1859 2477 2132 2529 Lucu-ius
2165 2475 2391 2542 uixisset]
2422 2475 2647 2529 Diodor.
2681 2490 2736 2528 c.
2767 2476 2810 2530 Ι.

664 2559 691 2588 ⁶
718 2550 1004 2617 Βσὸςιοκὶσ
1035 2550 1316 2617 profectus]
1354 2552 1672 2610 Plutarchus
1739 2552 2036 2608 Athenaeus
2055 2565 2188 2603 xus.
2210 2557 2262 2604 6.
2282 2557 2346 2604 7..

600 2642 655 2692 p·
674 2631 791 2680 080.
808 2629 901 2689 τῆς
916 2627 1078 2693 χόρια
1094 2628 1399 2692 ὑψηλῇ-ἦς.
1448 2629 1676 2682 Diodor-
1805 2638 1829 2666 ⁶
1857 2631 1914 2682 V.
1936 2629 2148 2680 nullibus
2161 2629 2420 2695 matun]
2445 2629 2668 2682 Diodor.
2685 2629 2810 2684 cd..

603 2719 723 2771 cap.
748 2711 861 2760 108.
920 2707 1006 2758 Ἐν
1030 2709 1283 2764 nanuum
1312 2707 1557 2769 οησωνρῧν
1590 2704 1674 2756 καὶ

626 2895 633 2902 ’
684 2903 881 2984 Hujus
930 2903 1263 2983 argumenti
1309 2901 1587 2965 videntur
1621 2903 1832 2978 fuisse,
1869 2925 2005 2986 qum
2048 2905 2326 2966 hocloco
2370 2899 2803 2968 desiderantur.

604 2999 1071 3079 christophorus
1097 3000 1301 3060 Bruno
1321 3000 1628 3081 praemittit
1655 2999 1868 3062 Culani
1890 3003 2190 3082 Sophistae
2212 3000 2406 3064 Indici
2428 3013 2713 3067 mortem:
2745 3013 2814 3066 et

602 3096 863 3176 nuptias,
892 3096 1105 3178 qulbus
1134 3097 1416 3158 Statiram
1446 3098 1615 3160 Darii
1637 3099 1820 3161 filiam
1842 3100 1955 3161 sibi
1984 3099 2326 3160 Alexander
2343 3099 2578 3180 junxit}
2619 3100 2806 3159 etiam

602 3193 857 3256 ducibus
888 3194 1009 3254 suis
1038 3193 1437 3256 nobilissimas
1469 3216 1738 3279 quasque
1768 3197 2063 3278 virginum
2089 3197 2490 3258 Persicarum.
2573 3195 2666 3259 De
2689 3197 2809 3257 Ca·-

599 3290 723 3351 lani
745 3311 995 3352 excessu
1018 3292 1095 3352 ad
1127 3312 1285 3356 vrri.
1316 3295 1377 3354 9.
1408 3295 1507 3355 32.
1537 3279 1874 3358 notavimus
1901 3315 1916 3355 ε
1955 3295 2195 3376 nuptias
2224 3295 2357 3376 ipse
2375 3295 2618 3356 Curtius
2645 3315 2714 3356 x.
2745 3297 2805 3358 3.

607 3389 702 3449 12.
741 3389 962 3469 attigit.
1046 3389 1247 3451 Credo
1291 3401 1609 3471 utrumque
1641 3392 1936 3466 Curtium,
1963 3402 2032 3453 ut
2069 3390 2224 3454 solet
2253 3392 2316 3452 in
2359 3389 2608 3467 ultimis,
2637 3393 2804 3454 festi-

600 3485 843 3547 natione
868 3487 1359 3567 proetermisisse:
1401 3497 1561 3549 certe
1594 3489 1996 3552 connexiones
2037 3489 2215 3569 hujus
2252 3488 2369 3550 loci
2399 3499 2674 3550 neutrum
2715 3489 2803 3550 fe-

600 3592 759 3655 runt,
804 3601 999 3660 neque
1034 3581 1269 3643 addidit
1316 3582 1393 3645 de
1434 3583 1507 3644 iis
1547 3585 1610 3645 in
1655 3585 2088 3668 supplementis
2135 3585 2595 3647 Freinshemius.
2682 3585 2801 3656 Qui

598 3695 739 3737 vero
796 3677 1237 3738 memorabilem
1296 3680 1510 3742 Calani
1564 3683 1786 3744 exitum
1842 3685 1972 3744 vult
2023 3685 2356 3744 accuratius
2411 3703 2800 3763 cognoscere,

602 3774 921 3853 scriptores
964 3776 1260 3848 consulat,
1308 3795 1459 3857 quos
1493 3797 1551 3839 c.
1590 3780 1632 3838 l.
1662 3779 2058 3851 laudavimus,
2101 3800 2176 3842 ex
2217 3781 2434 3860 quibus
2463 3779 2580 3842 hoc
2607 3781 2800 3842 solum

600 3871 856 3952 adjicere
886 3871 1076 3932 visum
1103 3884 1215 3944 est,
1245 3874 1409 3952 quod
1437 3875 1498 3933 in
1524 3894 1734 3956 rogum
1765 3877 2098 3939 ascendens
2124 3877 2467 3940 Alexandro
2487 3877 2800 3938 imminen-

598 3979 717 4030 tem
759 3979 1007 4032 mortem
1044 3968 1401 4050 praedixerit.
1484 3971 1637 4035 Cum
1679 3974 1837 4035 enim
1881 3995 1982 4036 rex
2021 3995 2156 4036 eum
2193 3985 2450 4056 rogaret,
2477 3979 2547 4035 ut
2572 3974 2624 4036 si
2651 3973 2798 4055 quid

597 4066 801 4142 vellet,
831 4065 1096 4128 diceret:
1141 4073 1159 4101 ‘
1184 4067 1466 4148 Optime,’
1504 4070 1718 4152 inquit,
1752 4080 1769 4108 ‘
1793 4073 2136 4156 propediem
2177 4083 2236 4133 te
2280 4072 2589 4154 Babylone
2631 4073 2795 4136 vide-

598 4162 717 4223 bo.’
801 4162 959 4242 Lege
983 4161 1331 4226 Ciceronem
1362 4177 1423 4226 et
1452 4165 1873 4230 Plutarchum:
1917 4170 1993 4232 de
2023 4169 2244 4251 nuptiis
2273 4169 2532 4232 eundem
2560 4171 2800 4232 Plutar-

597 4257 776 4320 chum
800 4269 865 4329 ‚et
893 4259 1224 4322 Diodorum
1250 4281 1432 4326 xvir.
1472 4265 1605 4325 107.
