3222 4944
1030 426 1409 477 msa-oum
1456 426 1916 477 Αιιικιιιιοιιι
1965 430 2045 475 Μ.
2405 416 2576 483 1633

458 578 746 641 Julianus
772 576 927 658 Iup.
949 577 1019 637 ἰιι
1044 578 1413 639 Caesaribus.
1506 612 1513 620 ·
1665 602 1674 611 ·

420 674 667 738 doun
698 674 967 735 Valerius
992 675 1263 735 launum
1304 674 1447 735 fecit
1490 672 1814 735 Historiam
1841 673 2176 737 fabulosam
2203 675 2284 737 de
2310 676 2570 739 Alexan-

376 770 509 843 dro,
544 790 683 849 (ιω
708 772 789 831 ab
816 770 949 831 aliis
970 772 1219 850 AEsopo,
1266 772 1343 831 ab
1370 770 1503 830 aliis
1534 769 1888 832 Callistheni
1915 771 2172 851 ascripta
2198 772 2330 834 fuit.
2395 774 2572 837 Unde

378 866 609 929 fabulas
649 885 791 928 suas
830 866 1099 927 certatim
1144 865 1471 927 hauserunt
1496 866 1858 940 Antoninus,
1905 866 2278 941 Vincentius,
2323 858 2578 948 Ursper·
2666 907 2675 916 -

377 962 599 1040 gensis,
644 962 769 1022 alii.
852 963 1115 1023 Pretium
1162 962 1473 1023 videbatur
1516 964 1808 1023 ascribere
1848 960 2124 1023 hocloco
2154 963 2447 1043 judicium
2496 966 2572 1029 C.

374 1058 603 1121 Barthii
629 1079 707 1121 ex
742 1078 825 1121 11.
864 1061 979 1119 los
1014 1059 1541 1120 Adversariorum:
1585 1064 1603 1091 ‘
1628 1058 1799 1119 Talia
1825 1060 2014 1119 multa
2036 1061 2100 1118 in
2127 1078 2248 1121 nou
2275 1060 2573 1122 inerudito

370 1154 667 1217 monacho
704 1166 881 1230 sunt,
906 1156 1011 1234 qui
1035 1154 1217 1217 vitam
1242 1153 1571 1215 Alexandri
1598 1154 1812 1234 Magni
1837 1155 2197 1235 prodigiosis
2247 1155 2572 1219 mendaciis

372 1248 621 1311 sarctam
636 1250 826 1313 edidit
844 1260 983 1312 ante
1003 1250 1455 1332 aliquammulta
1472 1250 1732 1311 saecula:
1777 1270 1916 1330 quse
1940 1250 2146 1311 fabula
2171 1260 2404 1313 tantum
2429 1253 2573 1315 olim

372 1344 511 1407 fidei
553 1344 779 1423 babuit,
828 1356 895 1407 ut
944 1366 982 1407 a
1024 1346 1417 1426 prudentibus
1458 1345 1639 1407 etiam
1685 1347 2068 1426 scriptoribus
2113 1349 2192 1407 sit
2235 1350 2574 1411 testimonio

370 1440 577 1517 citata,
620 1444 815 1524 qualis
842 1463 988 1505 sane
1012 1452 1155 1503 ante
1187 1442 1323 1524 plus
1352 1460 1533 1522 quam
1560 1452 1818 1522 quatuor
1845 1442 2068 1504 soecula
2109 1444 2226 1502 fuit
2267 1443 2326 1501 iu
2351 1446 2576 1524 Anglia

370 1536 656 1599 Silvester
684 1538 993 1611 Gitaldus,
1027 1540 1126 1618 qui
1156 1558 1277 1601 uon
1304 1538 1599 1600 dubitavit
1627 1538 1754 1619 ejus
1781 1538 2052 1602 cellionis
2080 1538 2431 1600 auctoritate
2459 1540 2572 1601 uti.

368 1632 470 1691 An
508 1652 585 1693 ea
626 1634 867 1713 egregia
904 1634 1148 1697 historia
1181 1634 1343 1697 edita
1388 1654 1654 1715 unquam
1697 1636 1778 1695 sit
1810 1636 2067 1697 nescio:
2118 1654 2230 1694 nos
2261 1634 2321 1693 iu
2365 1636 2573 1697 charta
2659 1666 2662 1671 ·

366 1726 644 1807 scriptam
672 1728 981 1804 habemus,
1032 1729 1142 1793 sed
1188 1732 1342 1791 tanti
1368 1731 1465 1791 vix
1514 1732 1896 1801 aestimamus,
1935 1742 2004 1791 ut
2047 1730 2110 1789 in
2139 1728 2571 1791 Bibliothecam

366 1823 741 1905 recipiamus.
822 1825 933 1886 Est
974 1824 1133 1885 idem
1159 1836 1387 1899 auctor,
1414 1846 1594 1906 quem
1625 1826 1911 1906 AEsopum
1938 1833 2136 1898 vocat,
2184 1834 2248 1886 et
2281 1826 2569 1904 interpre-

363 1927 553 1981 tatum
594 1940 633 1983 a
656 1921 819 1983 Julio
848 1920 1087 1983 Valerio
1138 1922 1495 1983 Franciscus
1541 1923 1792 1983 Juretus
1845 1921 1923 1981 ad
1971 1920 2316 2001 Symmachi
2365 1922 2471 1982 lib.
2521 1942 2572 1983 1.

366 2016 559 2096 Epist.
583 2022 687 2079 54.
732 2018 1009 2079 Editione
1044 2018 1285 2097 quidem
1320 2018 1535 2097 priore.
1623 2018 1756 2096 Ego
1782 2036 1924 2079 vero
1950 2036 2146 2095 neque
2188 2015 2264 2075 de
2303 2026 2567 2089 auctore,

364 2130 561 2193 neque
582 2110 659 2173 de
684 2112 1001 2194 interprete
1026 2114 1208 2175 credo
1238 2114 1493 2175 Romani
1524 2113 1804 2173 Groecive
1831 2112 2088 2174 hominis
2117 2130 2275 2187 esse,
2311 2115 2568 2174 maxime

365 2209 523 2267 euim
564 2209 627 2267 in
668 2227 742 2269 eo
772 2208 970 2268 Groeci
1020 2212 1305 2269 sermonis
1346 2210 1704 2288 ignorantia,
1755 2229 1866 2269 nec
1893 2208 2020 2268 ulla
2067 2206 2326 2267 Romani
2357 2208 2570 2269 notitia

366 2303 501 2365 est.’
582 2303 891 2364 Hactenus
930 2302 1229 2363 Bai-thius.
1312 2304 1497 2384 Typis
1552 2322 1776 2364 excusa
1829 2314 1921 2363 est
1975 2301 2346 2372 Germanice,
2405 2322 2565 2363 anno

375 2401 552 2461 1486.
594 2400 995 2481 Argentorati.
1080 2399 1313 2460 Citatur
1360 2411 1421 2460 et
1468 2398 1762 2459 Salmasio
1790 2396 1872 2457 ad
1900 2397 2172 2459 Solinum
2207 2418 2348 2479 pag.
2387 2402 2567 2460 1025·

364 2506 541 2558 vetus
568 2498 817 2578 scriptor
844 2497 945 2576 qui
970 2517 1063 2558 res
1088 2495 1417 2558 Alexandri
1442 2493 1712 2555 fabulose
1739 2495 2093 2574 composuit.
2153 2569 2164 2576 ι

446 2593 753 2658 Julius.

444 2689 673 2752 Lusius
696 2689 759 2750 in
784 2693 959 2752 rebus
986 2691 1239 2754 Graecis.

437 2787 675 2867 Lym.
745 2789 1131 2868 Stephanus
1114 2810 1177 2848 ln
1204 2789 1452 2868 Σκίδρος.
1903 2839 1910 2847 .

445 2884 724 2963 Maccus
752 2885 1005 2946 Samus.
1048 2885 1244 2964 Hujus
1274 2883 1732 2946 Commentariis
1753 2881 2078 2944 Alexandri
2107 2891 2279 2962 gesta
2300 2890 2557 2960 pertrac-

366 2989 491 3042 tata
509 2981 719 3054 fuisse,
736 2981 993 3060 suspicio
1020 2991 1115 3040 est
1142 3001 1217 3040 ex
1243 2981 1537 3042 Athenaeo
1558 2999 1622 3042 x.
1650 2982 1712 3042 9.

446 3079 737 3156 Marsyas
779 3075 1117 3137 Periandri
1144 3077 1215 3135 F.
1299 3076 1495 3154 Hujus
1540 3077 1666 3138 Res
1717 3075 2141 3138 Macedonicas
2183 3076 2332 3135 citat
2375 3074 2559 3134 Athe-

366 3193 536 3235 naeus
574 3191 725 3234 xxv.
771 3175 831 3230 7.
874 3180 939 3232 et
974 3170 1281 3231 Plutarch.
1332 3169 1650 3232 Demosth.
1699 3189 1836 3250 cap.
1876 3176 1980 3232 24.
2023 3191 2174 3251 quas
2217 3171 2566 3249 perscripsit

360 3271 525 3332 libris
570 3268 803 3341 decem,
852 3265 1020 3326 initio
1064 3265 1247 3325 ducto
1288 3284 1325 3324 a
1353 3267 1543 3347 primo
1572 3266 1976 3328 Macedonum
2000 3284 2160 3344 rege,
2205 3283 2558 3342 progressus

359 3383 555 3446 usque
582 3360 1005 3424 adAlexandri
1024 3361 1461 3442 expeditionem
1488 3362 1549 3420 in
1578 3361 1831 3442 Syriam.
1903 3360 2259 3438 Composuit
2284 3370 2347 3418 et
2365 3360 2552 3437 ipsius

365 3458 693 3526 Alexandri
732 3456 1183 3527 educationemz
1234 3475 1371 3524 cum
1417 3477 1537 3538 quo
1585 3457 1764 3516 simul
1805 3456 2097 3516 educatus
2122 3454 2336 3514 fuerat.
2422 3455 2564 3514 Fuit

360 3559 539 3621 etiam
588 3557 779 3637 patria
827 3554 1107 3629 Pellaeus,
1157 3554 1464 3634 Antigoni,
1510 3553 1611 3633 qui
1655 3561 1868 3634 postea
1914 3549 2206 3630 regnavit,
2248 3548 2448 3624 frater,
2492 3559 2562 3610 ut

362 3663 571 3722 auctor
610 3662 707 3714 est
751 3649 990 3712 Suidas.
1074 3651 1377 3732 Marsyam
1428 3648 1828 3711 Macedonem
1850 3647 2000 3708 citat
2024 3645 2255 3707 Plinius
2283 3646 2386 3707 lib.
2421 3665 2556 3708 xri.

365 3760 427 3808 et
454 3768 619 3810 xm.
681 3747 1011 3810 Proefectus
1054 3747 1289 3806 navium
1331 3746 1443 3806 fuit
1490 3746 1600 3807 sub
1646 3745 1973 3805 Demetrio.
2023 3741 2271 3803 Diodor.
2305 3759 2426 3804 xx.
2453 3744 2554 3804 51.

365 3842 521 3904 Vide
546 3843 824 3906 Vossium
852 3841 931 3903 de
954 3842 1183 3904 Histor.
1215 3842 1414 3904 Graec.
1446 3863 1495 3904 1.
1528 3845 1628 3902 10.

449 3940 891 4020 Megasthenes.
975 3939 1153 3998 Hunc
1200 3939 1674 4018 probatissimum
1725 3948 2024 3998 auctorem
2067 3946 2244 3996 vocat
2269 3935 2554 3993 Arrianus

368 4055 435 4098 v.
486 4037 543 4098 1.
568 4037 669 4095 20.
708 4049 771 4096 et
795 4054 1065 4116 persoepe
1101 4033 1264 4105 citat,
1304 4035 1630 4112 praesertim
1679 4034 1738 4092 in
1769 4033 1990 4093 Indicis
2021 4031 2183 4092 suis:
2229 4029 2380 4089 sicut
2409 4027 2553 4089 AEli-

368 4151 518 4193 anm
542 4133 601 4192 in
633 4131 787 4192 Hist.
816 4132 1069 4192 Animal.
1153 4130 1307 4189 Cum
1336 4130 1571 4209 reg-ibus
1604 4129 1826 4191 Iudicis
1847 4139 2108 4190 moratus
2137 4126 2288 4208 vires
2316 4143 2554 4204 quoque

370 4229 631 4308 gentium
654 4227 930 4308 prodidit,
961 4240 1029 4288 ut
1053 4227 1280 4288 Plinius
1309 4225 1509 4290 scribit
1539 4245 1632 4284 v1.
1663 4229 1756 4285 17.
1798 4225 2018 4286 Missus
2048 4221 2124 4282 ad
2147 4219 2554 4280 Androcotum

500 4323 675 4388 Delph.
696 4329 744 4374 et
774 4323 889 4376 Ver.
918 4326 1049 4376 Clas.
1474 4322 1537 4376 Q.
1564 4323 1704 4371 Cart.
2325 4322 2354 4366 ⁵
2378 4316 2423 4364 Ο
