3222 4944
602 358 771 427 152⁰

596 518 711 580 ejus
736 516 1045 566 liberalitate
1066 514 1190 565 nibil
1212 516 1467 580 pervenit,
1484 516 1646 567 tantis

596 590 797 640 feratur
826 590 1093 653 laudibus;
1124 593 1309 643 merito
1330 600 1523 642 nostr·
1548 594 1651 643 eti·

597 682 679 717 am
701 668 869 717 Musae
902 667 1309 731 deproedicandis
1341 682 1517 719 eorum
1545 669 1650 719 vir·

595 742 795 791 tutibus
842 742 1088 805 gaudent,
1128 757 1340 808 quorum
1395 742 1646 793 beneficia

596 816 867 865 sensimus.
900 817 1121 867 fret-⁸11.

662 892 819 947 Quum
860 908 891 940 u
932 892 1051 941 Diis
1079 892 1326 956 petantur]
1360 892 1532 942 Video
1570 892 1648 943 sic

592 972 765 1021 locum
806 984 957 1035 posse
1002 971 1267 1033 explicari,
1306 976 1363 1019 ut
1404 969 1648 1019 tribuerit

591 1047 810 1108 majora,
844 1059 993 1108 qnam
1027 1046 1297 1109 quisquam
1325 1059 1523 1106 eorum,
1558 1044 1647 1109 qni

594 1120 937 1184 accipiebant,
979 1136 1132 1171 ausus
1194 1128 1335 1170 esset
1390 1128 1573 1184 petere
1615 1135 1647 1170 a

590 1195 729 1244 Diis.
798 1195 933 1246 Quia
961 1202 1137 1245 tamen
1165 1195 1425 1245 sententia
1448 1193 1648 1258 profer·

592 1274 679 1319 tur
698 1270 1023 1333 generaliter,
1038 1267 1369 1332 cogitandum
1394 1266 1553 1331 forte,
1576 1282 1644 1318 an

590 1358 692 1395 non
729 1345 1012 1409 scripserit,
1044 1360 1181 1409 qaum
1212 1361 1243 1394 u
1277 1345 1375 1408 piis
1398 1350 1646 1409 petantur,

590 1420 643 1471 id
668 1427 767 1485 est,
786 1422 867 1484 iis,
890 1423 975 1486 qui
999 1428 1175 1470 amant
1207 1434 1404 1485 regem,
1434 1433 1533 1469 nec
1554 1432 1646 1468 ex-

588 1495 826 1546 haustum
869 1510 985 1546 eum
1018 1497 1237 1560 cupiunt
1271 1509 1364 1557 per
1396 1495 1646 1559 ejusmodi

586 1569 967 1623 liberalitatem.
1034 1572 1193 1620 Certe
1226 1570 1352 1620 alias
1384 1584 1485 1619 non
1519 1570 1649 1631 scio,

588 1645 712 1709 quid
736 1660 838 1696 non
860 1647 1009 1696 bomo
1032 1661 1218 1696 avarus
1238 1654 1396 1707 atque
1415 1645 1648 1709 inexple-

588 1720 707 1770 bilis
730 1728 913 1784 petere
936 1735 967 1768 a
992 1722 1118 1779 Deo,
1143 1720 1247 1780 vel,
1274 1727 1331 1769 nt
1354 1721 1550 1769 Noster
1571 1720 1646 1769 lo-

587 1796 779 1860 quitur,
800 1810 833 1845 a
855 1796 969 1844 Diis
995 1809 1092 1843 non
1116 1794 1323 1844 audeat.
1356 1793 1544 1858 Sebeff.

653 1870 770 1932 §29
805 1869 985 1917 Gloria
1024 1866 1215 1931 cupido]
1269 1868 1351 1916 De
1388 1882 1487 1931 qua
1523 1868 1644 1919 Val.

586 1940 731 1991 Max.
759 1955 881 1991 vm.
906 1947 983 1992 14.
1012 1945 1064 1990 2.
1094 1951 1205 1991 ext.
1232 1942 1447 1992 Lucisn-
1478 1943 1644 1993 citato

585 2018 705 2067 loco
728 2030 885 2079 supra
912 2016 963 2065 in
987 2017 1223 2077 scriptor.
1258 2016 1397 2065 Hist.
1421 2015 1646 2067 Alexan-

585 2092 669 2143 dr.
687 2107 812 2143 voce
835 2093 851 2120 ‘
868 2092 1226 2143 Onesicritus.’
1257 2091 1541 2142 Simocatta
1558 2106 1642 2142 xv.

587 2170 669 2217 18.
727 2168 828 2217 1)·ιο
866 2167 1133 2230 Chrysost.
1178 2165 1336 2218 Orat.
1368 2181 1447 2217 rr.
1489 2167 1642 2218 Philo

583 2242 677 2292 lib.
700 2256 765 2293 ιι.
784 2243 853 2293 de
884 2241 1195 2293 Cherubim:
1230 2242 1577 2293 Seu-Suasor.
1599 2255 1640 2292 ι.

586 2317 893 2368 Philostrat.
926 2332 992 2367 ιι.
1026 2322 1078 2367 4.
1109 2318 1323 2369 Maxim.
1360 2317 1487 2382 Tyr.
1526 2319 1644 2368 Dis·

581 2398 764 2443 sertat.
786 2398 863 2443 1⁹.
897 2394 1013 2445 Qua
1033 2393 1101 2443 de
1124 2407 1304 2443 caussa
1320 2394 1525 2458 optavit
1539 2394 1644 2443 sibi

582 2467 760 2531 plures
794 2468 1029 2534 mundos,
1060 2484 1187 2535 quos
1220 2468 1502 2533 subigeret.
1538 2485 1643 2534 quo

581 2541 719 2592 forte
754 2545 889 2594 trahi
928 2546 1095 2610 possit
1125 2548 1248 2596 Seu.
1278 2546 1345 2596 de
1378 2545 1567 2596 Banef.
1589 2551 1642 2596 7.

580 2621 631 2669 2.
665 2625 721 2668 et
756 2621 924 2684 Epist.
958 2625 1039 2670 91.
1061 2624 1144 2671 28.
1212 2620 1347 2670 Vide
1382 2621 1638 2683 Glycamz

580 2693 765 2745 AEiian.
806 2695 945 2745 nist.
984 2696 1109 2744 Var.
1143 2710 1220 2745 ιν.
1242 2700 1325 2745 29.
1366 2695 1640 2745 Plutarch.

582 2767 649 2818 de
686 2767 859 2818 Animi
894 2770 1174 2833 Tranquill.
1214 2783 1333 2832 cap.
1366 2773 1418 2818 6.
1452 2773 1509 2818 et
1542 2769 1640 2818 Ce-

580 2842 817 2893 drenum.
851 2844 1021 2895 Quam
1039 2845 1153 2906 ejus
1171 2842 1513 2906 cupiditatem
1532 2857 1636 2891 me·

578 2919 681 2967 rito
702 2918 919 2968 miratur
933 2918 1198 2979 Angustus
1216 2918 1353 2979 apud
1374 2919 1634 2968 Plutarch.

580 2991 846 3054 Apopbtb.
868 3005 985 3055 cap.
1007 2995 1091 3041 46.
1131 2991 1356 3041 Freiasa.
1524 2985 1537 2992 ⁴

641 3066 953 3116 admittenda
972 3067 1133 3130 rebus]
1168 3069 1271 3117 Nee
1286 3069 1548 3120 amittenda
1560 3084 1635 3120 re-

579 3139 681 3204 bus,
700 3139 939 3204 quaedam
960 3141 1291 3192 membranae.
1324 3143 1538 3194 Medius.

643 3217 760 3279 §80
796 3215 1101 3280 Olympiada]
1132 3218 1303 3270 Quam
1322 3218 1634 3268 carissimam

576 3291 677 3356 ipsi
699 3289 877 3353 fuisse,
899 3295 1093 3355 proter
1122 3293 1224 3342 alia
1243 3292 1399 3343 docet
1421 3293 1634 3344 Curtius

576 3380 664 3418 ιιι.
697 3370 748 3416 o.
783 3369 865 3416 15.
900 3366 989 3417 ubi
1022 3366 1271 3429 medicus,
1297 3368 1407 3431 ejus
1428 3369 1633 3419 nomine

574 3440 764 3504 saepius
788 3441 1010 3505 ingesto,
1028 3441 1208 3491 vitales
1227 3443 1405 3504 egroti
1422 3443 1634 3506 spiritus

575 3517 807 3565 exeitatz
838 3515 1095 3579 quomodo
1119 3523 1173 3565 et
1202 3515 1463 3566 Fabianus
1492 3515 1632 3582 apud

574 3589 915 3640 Seu-Suasor.
930 3593 976 3637 1.
989 3588 1230 3640 idoneum
1244 3591 1413 3640 locum
1432 3600 1631 3658 censet,

574 3664 715 3714 unde
760 3671 1112 3726 argumentum
1170 3665 1521 3730 dissuadendi,
1564 3684 1630 3718 ne

575 3739 793 3791 Oceano
832 3753 887 3788 se
932 3740 1134 3798 credat,
1176 3749 1441 3792 sumatur:
1482 3744 1631 3794 ‘Me-

572 3821 748 3868 mento
790 3816 1107 3878 Alexander,
1150 3825 1367 3870 matrem
1408 3821 1461 3870 in
1502 3823 1630 3872 orbe

575 3893 712 3944 vieto
747 3892 915 3943 adbuc
952 3893 1113 3958 magis
1147 3909 1297 3959 quarn
1336 3903 1524 3960 pacato
1548 3910 1629 3947 re-

572 3966 799 4030 linquis:
854 3968 991 4019 Item
1016 3970 1220 4022 Cestius
1245 3971 1456 4021 ibidem.
1504 3972 1630 4034 Ejus

574 4041 737 4104 igitur
757 4057 933 4094 caussa
956 4044 1111 4094 etiam
1138 4059 1256 4094 cum
1278 4052 1430 4108 patre
1452 4045 1628 4096 simul-

576 4122 711 4166 tates
750 4119 1024 4169 exercuit:
1064 4119 1275 4169 Arrian.
1319 4132 1410 4170 ιιι.
1455 4123 1503 4169 1.
1544 4125 1627 4172 2⁴.

575 4192 845 4258 omniaque
877 4194 1125 4260 deinceps
1152 4195 1287 4246 illius
1310 4195 1628 4260 impotenter

1280 373 1497 425 ⁸01·AE
1550 372 1946 423 vammum
1991 374 2072 423 nt

1721 515 1863 567 facta
1889 518 2047 577 tulit3
2079 526 2386 580 quamquam
2419 514 2640 566 sentiret
2661 528 2774 567 esse

1723 590 2031 656 proegravia.
2095 589 2246 641 Idem
2267 603 2366 640 vu.
2401 594 2452 639 8.
2471 594 2557 642 88.
2607 591 2779 641 Frein-

1720 667 1938 717 caestius.

1787 742 2064 805 Philippum
2082 741 2235 804 suns]
2286 742 2421 794 Qum
2449 747 2626 790 tamen
2647 742 2780 791 ultio

1722 830 1826 865 non
1847 824 1954 866 tam
1976 830 2042 865 ex
2059 816 2254 879 pietate
2273 814 2512 879 profecta
2533 816 2780 872 creditur.

1718 907 1872 957 quam
1901 891 1968 942 ad
1992 892 2344 956 suspicionem
2385 892 2530 957 (nam
2554 892 2666 956 ipse
2689 907 2782 956 pa·

1723 974 1882 1016 ternae
1902 966 2046 1015 necis
2069 966 2335 1030 particeps
2367 965 2680 1030 habebatur)
2703 966 2781 1015 di-

1720 1040 1994 1091 luendam:
2034 1041 2118 1089 vel
2153 1040 2312 1089 etiam
2349 1053 2414 1088 ne
2435 1041 2674 1104 cuiquam
2695 1054 2779 1090 re·

1721 1130 1838 1178 gem
1873 1115 2128 1165 occidisse
2161 1114 2370 1179 impune
2401 1113 2559 1164 foret.
2620 1114 2782 1168 Quod

1719 1191 1973 1255 imprimis
2009 1190 2219 1255 regibus
2241 1206 2357 1241 esse
2385 1190 2530 1241 cordi
2553 1191 2780 1256 pruden-

1722 1273 1805 1315 ter
1825 1268 2079 1317 monuisse
2111 1265 2490 1330 sigismundum
2531 1266 2669 1330 Imp.
2705 1268 2781 1317 vi-

1723 1339 1874 1390 duam
1897 1341 2166 1406 quamdam
2201 1342 2524 1405 Hungararn,
2554 1341 2608 1390 in
2631 1341 2777 1405 cujus

1721 1430 1843 1467 aree
1865 1418 2246 1481 conspiratione
2269 1430 2538 1482 procerum
2559 1417 2780 1468 nonnul·

1721 1490 1884 1541 lorum
1925 1492 2164 1556 captivus
2201 1491 2554 1549 detinebatur,
2594 1491 2777 1542 scribit

1721 1566 1836 1615 AEn.
1871 1568 2079 1631 Sylvius
2111 1567 2180 1617 de
2211 1566 2368 1617 dictis
2399 1566 2648 1631 Alphonsi
2683 1567 2776 1616 lib.

1721 1654 1812 1689 ιιι.
1859 1642 1998 1691 Vide
2017 1648 2074 1691 et
2092 1656 2208 1705 sup.
2229 1636 2304 1699 ad.
2320 1656 2373 1690 v.
2399 1645 2479 1691 18.
2503 1644 2587 1691 28.
2623 1641 2778 1692 Idem.

1787 1717 1814 1779 §
1837 1720 1898 1766 st
1935 1716 1998 1766 Ia
2018 1717 2192 1766 unicos
2211 1716 2504 1779 &⁸532ou
2551 1715 2780 1780 Hephae·

1720 1790 1860 1839 stion
1901 1792 2040 1857 apud
2085 1792 2328 1841 Photium
2367 1791 2497 1841 Cod-
2540 1804 2666 1841 cxc.
2707 1793 2776 1841 de

1719 1864 2019 1914 Alexandro
2043 1879 2165 1928 rege
2193 1871 2578 1928 commemorat,
2609 1866 2628 1893 ‘
2651 1866 2774 1915 dum

1719 1940 1912 2003 Ephesi
1933 1941 2264 1991 Palamedem
2296 1954 2392 2005 per
2426 1939 2602 1992 dolum
2634 1943 2778 1991 occi·

1716 2028 1828 2065 sum
1869 2017 1922 2065 in
1965 2017 2142 2066 tabula
2181 2023 2466 2080 spectaret,
2506 2016 2773 2067 turbatum

1718 2089 1888 2139 animo
1929 2090 2108 2152 fuisse,
2148 2090 2284 2155 quod
2319 2092 2394 2141 illi
2417 2106 2514 2155 per
2537 2090 2772 2141 fraudem

1716 2163 2029 2229 interempto
2060 2165 2240 2215 similis
2277 2172 2415 2216 esset
2446 2166 2772 2218 Aristonicus

1717 2236 2003 2288 Alexandri
2025 2240 2078 2289 in
2101 2240 2222 2304 pile
2243 2242 2356 2290 lusu
2381 2243 2573 2294 socius.
2609 2243 2776 2292 Tanta

1716 2318 1954 2370 nimirum
1993 2327 2111 2370 erat
2140 2320 2425 2370 Alexandri
2457 2321 2610 2370 animi
2634 2336 2775 2371 man·

1716 2394 1954 2455 suetudo,
1975 2400 2277 2460 tantumque
2305 2397 2582 2447 amicorum
2605 2396 2770 2445 studi-

1715 2468 1840 2519 um.’
1906 2469 2190 2522 osculandi
2219 2472 2443 2537 ejusjus
2477 2472 2657 2524 amicis
2689 2472 2770 2523 fu·

1717 2543 1842 2604 isse,
1883 2545 2040 2594 etiam
2076 2560 2194 2597 curn
2231 2548 2381 2598 Deus
2413 2549 2558 2598 credi
2597 2549 2776 2609 vellet,

1715 2624 1924 2669 constat
1943 2634 2010 2669 ex
2037 2619 2264 2671 Arriano
2283 2635 2361 2674 tv.
2381 2628 2432 2672 2.
2455 2628 2536 2674 28.
2561 2631 2616 2674 et
2637 2625 2767 2675 aliis.

1715 2691 1867 2744 Iden.

1778 2772 1808 2834 §
1831 2773 1894 2820 82
1943 2771 2163 2834 Veneria]
2212 2774 2301 2822 De
2321 2773 2648 2837 conjugibus,
2669 2775 2766 2824 aed

1713 2849 1771 2893 et
1809 2846 2112 2896 concubinis
2145 2848 2443 2912 Alexandri,
2474 2848 2593 2899 vide
2616 2850 2769 2899 Reiu-

1711 2921 1929 2970 eccium.
1962 2920 2080 2971 ‘Ad
2103 2922 2354 2972 insaniam
2377 2937 2554 2974 amore
2583 2939 2768 2988 puero-

1709 3007 1822 3044 rum
1846 2996 2097 3046 exarsisse
2111 2995 2124 3019 '
2147 2997 2308 3047 tradit
2323 2997 2516 3050 Athen.
2533 2999 2618 3048 lib.
2637 3013 2767 3050 xm.

1710 3081 1832 3132 pag.
1856 3073 1971 3120 608.
2054 3069 2212 3133 Cujus
2235 3071 2307 3119 rei
2333 3072 2550 3135 vestigia
2573 3074 2762 3134 passim

1709 3141 1762 3190 in
1785 3144 1969 3194 Curtio
1991 3158 2210 3208 qnoque.
2277 3144 2448 3208 Magis
2478 3147 2636 3209 igitur
2657 3161 2762 3196 me·

1707 3215 1810 3266 rito
1829 3217 2032 3268 laudem
2051 3219 2180 3269 banc
2197 3219 2512 3270 Germanico
2535 3220 2766 3270 tribuere

1707 3292 1914 3342 videtur
1949 3293 2117 3344 Tacit.
2152 3309 2217 3344 ιι.
2242 3299 2326 3346 78.
2348 3299 2400 3346 8.
2464 3294 2766 3347 Alexandro

1705 3366 1804 3418 bac
1827 3369 1882 3418 in
1901 3376 2054 3433 parte
2073 3369 2252 3419 similis
2271 3367 2428 3419 fuisse
2441 3369 2611 3420 fertur
2627 3385 2764 3420 ama-

1707 3450 1789 3494 tor
1837 3446 1951 3508 ejus
2005 3450 2165 3508 atque
2213 3445 2424 3494 emulus
2473 3445 2760 3496 Turcorum

1707 3519 1841 3583 Imp.
1862 3519 2078 3581 Selynes
2105 3533 2120 3568 z
2161 3519 2250 3582 qui
2273 3519 2410 3582 apud
2432 3520 2758 3570 Tuberonem

1707 3594 1795 3643 lib.
1821 3607 1878 3644 x.
1904 3594 2044 3644 Hist.
2067 3599 2321 3657 extremo,
2342 3596 2359 3623 ‘
2380 3593 2548 3645 fertur
2567 3595 2620 3644 in
2643 3597 2756 3646 libi·

1704 3667 1876 3718 dinem
1897 3671 2234 3719 masculorum
2261 3671 2434 3734 paullo
2456 3674 2762 3736 propensior

1704 3741 1880 3794 fuisse.
1944 3742 2049 3793 Am
2079 3746 2223 3797 nulla
2255 3759 2373 3798 eum
2406 3748 2502 3797 nisi
2537 3761 2605 3798 ex
2643 3763 2761 3812 per·

1702 3815 1856 3866 misso
1877 3817 2146 3882 voluptate
2167 3835 2312 3870 usum
2336 3819 2633 3871 affirmant?
2677 3823 2764 3873 la.

1769 3890 1854 3940 Ea·
1891 3891 2120 3956 pmns'sso
2157 3895 2396 3959 voluptas]
2433 3894 2536 3945 Hic
2581 3898 2758 3946 statim

1706 3967 1846 4032 virga
1869 3969 2100 4019 censoria
2123 3970 2434 4032 Glareanus,
2465 3971 2649 4035 ‘Afipor
2668 3967 2756 4029 λἠ-

1701 4044 1835 4107 pets?
1857 4045 2046 4109 inquit,
2071 4048 2087 4073 ⁸
2112 4047 2308 4108 optime
2333 4045 2502 4107 Curti,
2528 4046 2606 4096 bis
2627 4053 2752 4095 ante

1703 4120 2014 4169 eontrarium
2038 4120 2103 4170 de
2140 4121 2318 4182 Bagoa
2339 4122 2619 4184 scripsisti:
2653 4120 2754 4169 nisi

1701 4191 1839 4246 forte
1861 4202 1918 4248 et
1937 4195 2168 4248 mascula
2188 4202 2362 4246 scorta
2375 4197 2492 4259 jure
2518 4196 2612 4246 tibi
2635 4210 2754 4260 per-
