3222 4944
565 350 737 419 1528
1170 332 1197 366 '‘
1254 368 1469 417 ηοω
1519 366 1914 417 unionum
1965 366 2046 415 nr

562 510 659 573 gis,
682 506 819 568 quod
838 506 891 557 in
910 507 1094 559 Curtio
1120 514 1395 572 tantopere
1424 514 1487 559 ut
1504 506 1618 559 axv-

560 602 643 647 ρον
665 583 908 633 notatur?
962 584 1066 633 Sed
1092 583 1415 649 quid,dices,
1432 585 1620 635 iutelli-

560 660 697 723 gitur
722 658 816 708 sub
851 660 989 721 rogia
1027 660 1159 710 istoc
1182 661 1365 709 sensu?
1431 661 1620 711 Potest

561 736 824 785 enimvero
866 737 1086 799 intelligi
1122 739 1138 765 ‘
1160 735 1315 800 aula,'
1366 752 1481 801 qnae
1518 744 1620 795 est,

561 814 871 876 ubicumque
899 814 1011 863 Rex
1030 819 1129 876 est,
1148 814 1228 862 vel
1248 816 1265 845 ⁴
1287 813 1465 864 sedes.'
1511 813 1615 864 Sed

557 903 729 953 neque
760 903 911 953 opus,
945 897 1001 939 ut
1030 890 1287 940 intellecti
1306 889 1616 939 substantivi

561 972 711 1018 tanta
734 967 851 1016 istic
872 966 1122 1016 habeatur
1144 966 1294 1035 ratio,
1318 980 1469 1030 quum
1491 966 1620 1015 talia

558 1044 824 1109 adjectiva
862 1058 958 1108 per
988 1045 1286 1095 continuam
1318 1044 1429 1095 fere
1468 1045 1618 1109 ellip-

559 1124 637 1174 sin
676 1122 985 1173 substantivi
1030 1125 1109 1173 sui
1158 1124 1462 1187 acceperint
1504 1125 1616 1189 ipsa

561 1198 829 1264 paullatim
896 1200 1207 1251 substantivi
1278 1200 1503 1263 speciem
1558 1206 1617 1250 et

558 1290 721 1332 usum,
745 1282 902 1339 atque
927 1275 1064 1336 ideo,
1086 1291 1233 1340 aeque
1256 1290 1317 1325 ac
1340 1290 1464 1324 vera
1494 1276 1616 1326 sub·

558 1354 800 1413 stantivs,
822 1352 964 1402 varia
991 1353 1245 1415 recipiant
1267 1352 1521 1416 epitheta,
1554 1361 1615 1402 ut

558 1444 713 1493 quum
757 1428 969 1491 dicitur,
1011 1430 1184 1493 ‘regia
1220 1428 1405 1484 dives,'
1436 1429 1616 1491 ‘regia

559 1503 737 1567 prior,’
768 1509 867 1554 διο.
932 1505 1038 1554 Sed
1072 1512 1131 1554 et
1165 1511 1311 1567 patet
1353 1503 1504 1566 hujus
1538 1505 1614 1555 rei

558 1580 755 1630 veritas
789 1594 855 1628 ex
880 1579 971 1629 illa
988 1582 1101 1643 ipsa
1124 1594 1269 1642 voce,
1290 1594 1441 1643 qnam
1463 1580 1530 1627 V.
1551 1579 1611 1630 C.

556 1656 739 1705 mallet
770 1655 787 1685 ⁴
808 1655 965 1719 regio
989 1654 1005 1678 '
1028 1655 1383 1705 substitutam.
1434 1656 1450 1681 ‘
1471 1655 1616 1705 Pm-

557 1730 779 1779 stitisset
818 1729 975 1791 ergo?
1010 1730 1103 1790 ait,
1148 1737 1163 1759 ‘
1188 1730 1363 1779 dicere
1407 1744 1616 1794 semper

560 1803 901 1853 Praetorium?
969 1804 1121 1853 Dixit
1161 1805 1236 1853 ita
1290 1805 1407 1867 plus
1454 1806 1614 1855 semel

557 1879 787 1941 Curtius,
800 1878 893 1928 sed
917 1893 1085 1943 neque
1108 1879 1287 1942 altera,
1310 1894 1424 1943 quae
1448 1881 1614 1944 magis

556 1952 782 2002 decebat
817 1953 1194 2017 Alexandrum,
1228 1968 1401 2019 regern
1422 1956 1615 2020 quippe

555 2035 611 2077 et
645 2030 759 2091 plus
800 2044 954 2093 qnam
999 2037 1298 2093 pretorem,
1345 2031 1611 2083 abstinuit.

557 2103 771 2152 Certum
796 2111 991 2165 autem,
1014 2118 1128 2153 esse
1151 2105 1289 2155 illam
1306 2120 1509 2171 quoque
1524 2107 1615 2157 ad-

547 2180 823 2243 jectivum.
892 2182 1181 2232 Notissima
1201 2189 1343 2245 sunt,
1372 2184 1389 2212 ⁶
1412 2183 1615 2234 Proeto·

556 2256 660 2305 rius
686 2258 799 2315 sir,’
826 2258 843 2287 ⁴
867 2258 1119 2309 Praetoria
1138 2258 1364 2323 cohors,’
1394 2260 1411 2288 ⁶
1434 2261 1618 2324 navis,’

556 2331 573 2359 ‘
596 2333 816 2395 portaz’
848 2335 1191 2385 ‘Praetorium
1227 2336 1354 2400 jus‚'
1403 2342 1422 2366 ‘
1441 2337 1615 2386 taber·

554 2409 833 2472 naculum,'
875 2414 974 2461 διο.
1056 2410 1269 2461 Certum
1312 2412 1469 2462 etiam
1512 2420 1614 2477 est,

555 2484 572 2511 ‘
596 2486 906 2537 Praetorintn
930 2487 945 2510 ⁹
980 2487 1212 2539 absolute
1256 2491 1479 2554 positum
1519 2505 1611 2541 no·

554 2569 669 2612 tare
706 2564 724 2593 ⁶
748 2563 1158 2614 tabernaculum’
1206 2565 1476 2622 Praetoris,
1514 2579 1609 2616 seu

552 2639 737 2688 summi
770 2639 935 2700 ducis,
956 2648 1011 2688 et
1032 2640 1133 2689 hoc
1153 2639 1250 2688 sub
1274 2640 1361 2688 illa
1384 2653 1510 2690 voce
1532 2639 1611 2688 in-

555 2716 739 2781 telligi.
806 2717 907 2766 Sed
928 2716 1011 2765 vel
1032 2719 1127 2771 sic,
1148 2728 1302 2780 quum
1320 2715 1607 2777 accepisset

554 2793 779 2854 speeiem
821 2791 1153 2851 substantivi,
1190 2791 1350 2853 coepit
1372 2790 1607 2842 adbiberi

552 2868 707 2915 etiam
731 2865 798 2914 de
821 2867 975 2915 rebus
997 2879 1027 2914 a
1046 2863 1377 2915 tabernaculo
1397 2880 1607 2929 prorsus

555 2941 993 3004 discrepantibus,
1034 2953 1221 3002 nempe
1263 2940 1331 2989 de
1370 2941 1521 2990 domo
1552 2943 1605 2992 in

554 3016 764 3066 urbibus
798 3014 1219 3078 provincialibus,
1252 3015 1304 3064 iu
1337 3031 1441 3081 qua
1462 3017 1605 3068 Pro.

554 3101 638 3143 tor
670 3093 961 3143 Provincia
998 3091 1286 3155 habitabat,
1320 3107 1438 3157 qum
1480 3102 1606 3145 tuuc

552 3185 655 3221 uon
680 3176 696 3202 ‘
715 3169 973 3221 Praetoria
990 3168 1007 3191 ’
1040 3167 1293 3233 obsolute,
1310 3169 1401 3218 sed
1425 3176 1440 3198 ‘
1461 3170 1607 3221 Prte-

558 3245 785 3308 torium,’
808 3246 886 3294 vel
916 3245 933 3274 ‘
950 3245 1130 3294 domus
1162 3243 1441 3309 pretori&
1468 3247 1607 3297 dice-

552 3323 725 3373 batur.
765 3322 853 3373 Sic
874 3321 1059 3372 Cicero
1075 3320 1227 3370 Verr.
1248 3333 1302 3370 V.
1318 3325 1397 3373 12.
1418 3329 1473 3372 et
1488 3336 1604 3387 cap.

552 3405 634 3451 ³⁵.
689 3402 706 3431 ⁸
726 3397 979 3449 Adfertur
1035 3398 1251 3448 nuncius
1304 3399 1607 3464 Syracusas,

552 3479 780 3527 curritur
829 3478 879 3525 iu
935 3474 1264 3530 Praetoriurm
1310 3491 1411 3539 quo
1450 3476 1605 3526 istum

547 3552 819 3619 (Verrem)
836 3566 864 3600 e
883 3551 1119 3600 convivio
1136 3551 1446 3601 reduxerant
1462 3553 1607 3614 paul·

550 3630 601 3679 lo
624 3637 745 3678 aute
767 3626 1039 3677 mulieres.'
1103 3626 1206 3675 Sed
1228 3633 1284 3676 et
1306 3627 1413 3675 ruri
1446 3627 1605 3690 villae,

551 3717 644 3754 seu
667 3716 899 3753 secessus
930 3701 1107 3750 rustici
1140 3699 1409 3750 illustrium
1444 3702 1605 3751 homi-

552 3793 690 3836 num,
715 3778 903 3843 passim
930 3778 1053 3826 item
1088 3777 1414 3839 ‘Pretoriass
1434 3785 1493 3826 ut
1515 3791 1603 3826 no-

548 3861 656 3905 tum
679 3860 781 3916 est,
804 3861 1071 3903 vocantur.
1138 3852 1475 3916 Quapropter
1508 3853 1603 3903 sic-

551 3933 625 3980 uti
648 3933 700 3980 in
724 3929 802 3978 bis
824 3928 967 3978 nulla
986 3928 1203 3978 babetur
1226 3929 1357 3978 ratio
1390 3930 1407 3958 ‘
1432 3929 1603 3979 taber·

551 4005 758 4068 usculi,’
792 4004 931 4054 unde
961 4011 1133 4054 tamen
1166 4011 1310 4053 ortus
1333 4005 1601 4068 ille‘prae-

550 4081 707 4144 torii,'
730 4089 990 4145 tamquam
1012 4079 1340 4143 substantivi,
1360 4095 1501 4146 usus,
1521 4083 1600 4131 sic

550 4167 695 4208 recte
716 4159 851 4220 regia
870 4158 1037 4208 etiam·
1064 4156 1132 4205 de
1166 4165 1333 4220 antro,
1362 4157 1515 4207 immo
1545 4165 1601 4207 et

550 4233 615 4283 de
638 4235 863 4284 tentorio
882 4234 1017 4298 regis
1038 4233 1249 4291 dicitur,
1270 4249 1445 4300 quum,
1462 4241 1600 4286 esset

1694 508 1901 572 regibus
1916 522 2010 572 pro
2025 508 2170 573 regia
2185 508 2354 558 domo·
2365 506 2588 559 Per-ison.
2607 508 2746 556 Cart.

1701 584 1844 634 Vis-d.
1870 598 1920 647 p.
1943 588 2024 634 85.

1759 665 1788 725 §
1811 666 1874 711 16
1905 663 2180 711 dedicatam
2215 661 2276 710 ab
2309 660 2437 724 ipso]
2470 660 2606 711 Nam
2648 660 2749 709 etsi

1693 750 1796 787 non
1833 752 1962 787 voce
1999 744 2324 801 nuncupatus
2365 738 2535 798 heres,
2578 743 2751 786 tamen

1681 812 1880 875 judicio
1921 814 2120 862 electus
2152 810 2271 868 fuit,
2308 818 2366 861 ut
2397 811 2638 863 Justiuus
2659 811 2748 859 ba·

1693 886 1800 937 bet.
1851 886 2121 950 ‘Judicio,’
2141 886 2192 935 id
2212 894 2313 948 est,
2336 901 2574 950 suprema
2597 899 2658 935 ac
2679 894 2752 935 ta·

1691 963 1799 1012 cita
1837 964 2121 1023 voluntate,
2141 970 2202 1011 ut
2223 977 2326 1012 non
2349 963 2506 1013 semel
2529 976 2643 1013 eam
2661 977 2751 1013 so·

1689 1052 1802 1086 cem
1826 1044 2074 1101 usurpant
2095 1036 2239 1087 Jcti.
2265 1052 2380 1087 nam
2403 1038 2500 1087 boc
2525 1039 2636 1100 ipso
2659 1037 2749 1087 de·

1685 1114 1896 1164 stiuavit
1930 1113 2074 1162 illum
2101 1127 2474 1173 successorem,
2492 1113 2631 1178 quod
2656 1128 2744 1163 an-

1689 1190 1862 1239 nulum
1889 1188 2130 1251 tradidit,
2152 1200 2210 1238 ut
2231 1189 2386 1239 moris
2412 1196 2542 1239 erat.
2609 1189 2750 1239 Vide

1691 1265 2026 1314 Kircbmann.
2047 1266 2112 1313 de
2137 1265 2293 1315 Anul.
2313 1265 2436 1315 Vet.
2474 1266 2747 1315 Meuius.

1754 1342 1865 1404 §18
1897 1340 2216 1403 Dubituuere]
2243 1341 2482 1392 Dubitare
2503 1342 2606 1392 alii.
2636 1342 2748 1390 Mo-

1689 1416 1812 1466 dius.
1878 1417 2057 1479 Forte,
2091 1417 2322 1467 dubitari.
2347 1417 2615 1469 Heinsius.

1743 1493 2021 1557 ..Appetebat
2081 1495 2394 1558 exspectaret]
2459 1494 2748 1557 Editioues,

1689 1570 1810 1629 quod
1831 1569 2074 1631 expetebat
2105 1575 2344 1633 appeteret
2359 1586 2382 1627 ,·
2413 1570 2744 1631 membrana,

1687 1645 1808 1707 quod
1843 1645 2146 1707 exspectabat
2183 1651 2422 1709 oppeteret
2439 1663 2456 1695 .·
2507 1646 2599 1696 sed
2649 1659 2748 1710 ego

1689 1726 1866 1769 nostra
1889 1720 2059 1770 lando.
2095 1721 2307 1769 Modicus.

1752 1797 1781 1859 ς
1818 1800 1884 1845 20
1917 1797 2020 1845 Nec
2041 1796 2134 1846 Dii
2153 1796 2377 1860 siverint]
2411 1798 2537 1861 [aeg.
2559 1813 2618 1848 ue
2643 1799 2738 1849 Dii

1686 1871 1850 1923 sirint.
1883 1872 2142 1924 Heinsius.

1751 1948 1818 1996 In
1851 1948 1971 1997 istos
2002 1948 2217 1999 humeros
2247 1949 2381 2012 ruat]
2410 1949 2498 2000 Sic
2533 1964 2591 2001 x.
2623 1955 2744 2003 22.

1685 2022 1702 2051 ⁸
1723 2024 1978 2087 Quodque
2019 2024 2286 2088 imperium
2328 2026 2424 2075 snb
2463 2040 2566 2076 uuo
2603 2036 2744 2078 stare

1687 2100 1944 2163 potuisset
1965 2115 1977 2145 :
1999 2100 2120 2149 dum
2144 2116 2176 2149 a
2196 2100 2424 2166 pluribus
2439 2102 2743 2168 sustinetur,

1689 2174 1832 2225 ruit.’
1866 2175 2113 2226 Heinsius.

1752 2250 1988 2301 Homines
2006 2250 2291 2315 mser-eat]
2315 2252 2625 2316 Suspectum
2643 2256 2744 2306 hoc

1687 2326 1841 2377 mibi:
1877 2341 2048 2390 neque
2085 2326 2206 2376 dum
2225 2327 2361 2377 istud
2384 2329 2536 2392 plane
2560 2330 2741 2393 probo,

1682 2404 1738 2452 in
1777 2401 1922 2453 istius
1957 2404 2172 2453 &meme
2203 2408 2314 2453 ruet
2351 2404 2584 2455 hominis.-
2615 2412 2742 2457 certe

1681 2483 1963 2541 mser-erst-
2001 2479 2286 2531 Acidalius.
2351 2482 2463 2545 Ego
2483 2483 2608 2533 nihil
2628 2497 2738 2534 mn-

1683 2555 1806 2606 tand
1813 2553 1892 2606 um
1909 2556 2151 2620 arbitror,
2169 2571 2264 2608 nec
2279 2559 2621 2610 enervandam
2636 2560 2738 2610 vim

1682 2633 2036 2684 violentissimi
2060 2648 2272 2684 sensns:
2297 2634 2604 2685 Perdiccam
2623 2649 2740 2700 reg·

1680 2723 1808 2760 nare
1832 2711 2140 2774 prohibeant
2157 2710 2268 2771 Dii,
2289 2718 2346 2760 et
2369 2711 2736 2777 prohibebunt,

1681 2794 1740 2835 ut
1761 2799 2013 2849 auguror:
2035 2786 2286 2851 quidquid
2307 2795 2476 2837 autem
2501 2788 2600 2838 illis
2622 2796 2738 2838 tau-

1677 2862 1794 2911 dem
1818 2861 2086 2912 decretum
2110 2863 2196 2926 sit,
2215 2863 2267 2912 id
2287 2871 2434 2914 certo
2471 2865 2592 2914 mihi
2615 2879 2737 2916 cou-

1681 2943 1802 2998 stat,
1827 2935 2054 2987 homiues
2075 2953 2178 2988 non
2203 2954 2446 3003 passuros
2468 2959 2481 2990 ε
2513 2957 2610 2992 nec
2624 2943 2736 3007 jam

1680 3012 1865 3076 loquor
1888 3012 1952 3062 de
1977 3013 2314 3065 nobilioribus
2335 3030 2488 3080 quarn
2521 3017 2740 3068 Perdic-

1680 3103 1743 3139 ca
1761 3098 1858 3152 est,
1882 3105 2100 3154 quorum
2115 3092 2322 3157 quidem
2335 3095 2554 3143 maxime
2569 3094 2736 3145 refert

1681 3165 1882 3216 obviam
1900 3167 1962 3216 iri
1976 3169 2246 3218 conatibus
2260 3169 2503 3231 bominis3
2523 3169 2612 3220 sed
2630 3184 2736 3221 otn-

1681 3243 1806 3293 nino
1827 3243 1893 3293 de
1910 3244 2024 3295 aliis
2043 3245 2407 3313 cujuscumque
2425 3249 2738 3300 conditionis

1681 3319 1968 3371 Alexandri
1983 3324 2416 3375 commilitonibus
2433 3341 2447 3375 ε
2473 3326 2624 3376 modo
2641 3327 2740 3376 viri

1682 3396 1804 3458 sint,
1825 3397 2119 3460 animosque
2134 3411 2301 3445 mares
2315 3399 2554 3450 habeant.
2618 3401 2736 3462 Ego

1683 3473 1888 3536 quidem
1921 3472 2124 3534 meique
2156 3471 2364 3528 similes,
2395 3475 2482 3537 qni
2517 3475 2734 3524 servitio

1682 3557 1896 3597 mortem
1915 3545 2290 3609 anteponimus,
2307 3556 2626 3610 compertum
2647 3550 2736 3600 ha·

1685 3623 1882 3682 bemus,
1907 3621 2038 3670 viros
2069 3619 2232 3670 fortes
2265 3623 2392 3672 nibil
2409 3625 2596 3673 invitos
2615 3639 2732 3686 per·

1681 3698 1808 3762 peti,
1829 3711 1925 3746 nec
1948 3711 2098 3760 posse
2131 3699 2268 3761 cogi,
2302 3707 2361 3750 ut
2395 3699 2530 3763 quod
2567 3703 2734 3752 nolint

1679 3771 1890 3822 faciant.
1959 3772 2060 3822 Hic
2083 3774 2285 3824 illorum
2310 3775 2580 3825 verborum
2613 3792 2728 3828 sen·

1678 3863 1764 3898 sus
1783 3855 1864 3897 est
1885 3848 2020 3897 hand
2039 3849 2240 3900 dubius.
2275 3849 2496 3900 Freinsh.

1743 3923 1822 3974 De
1841 3924 2170 3994 nobilioribus]
2205 3927 2424 3977 Quinam
2449 3929 2729 3981 amicorum

1676 3999 1962 4052 Alexandri
1985 4003 2259 4053 nobiliores
2290 4004 2583 4056 Perdicca?
2615 4013 2734 4057 erat

1677 4079 1813 4127 enim
1831 4082 1848 4109 ⁴
1865 4079 2030 4143 stirpe
2047 4078 2191 4142 regia
2211 4081 2453 4144 genitus,'
2485 4090 2545 4131 ut
2581 4089 2728 4144 patet

1677 4169 1740 4205 ex
1767 4169 1823 4206 x.
1848 4161 1897 4206 7.
1930 4161 1978 4205 8.
2044 4156 2148 4206 Sed
2194 4157 2488 4210 Leonnatus
2531 4158 2727 4208 ibidem

1675 4233 1856 4285 itidem
1885 4250 1902 4295 ς
1944 4239 1998 4284 et
2041 4231 2177 4283 forte
2220 4234 2518 4298 proximiori
2562 4233 2726 4298 gradu
