3222 4944
583 354 759 423 >1630
1194 370 1385 419 cau
1397 368 1640 419 noous
1687 358 2170 419 scarp-ronuta

618 532 625 537 ’
674 524 978 585 Craterus.
1062 520 1177 583 Hic
1202 520 1341 583 cum
1370 522 1485 584 sub
1512 514 1855 584 Alexandro
1881 540 1980 582 res
2005 506 2258 601 gereret,
2301 516 2431 600 ejus
2459 507 2638 581 etiarn
2665 511 2796 580 his-

586 620 795 683 toriam
842 618 1059 681 dicitur
1093 619 1541 701 conscripsisse.
1623 618 1902 679 Meminit
1949 616 2181 679 Crateri
2225 616 2436 677 Plut.
2418 636 2480 676 ιιι
2529 614 2796 677 Aristide

587 736 722 796 cap.
752 720 855 777 51.
882 715 1044 778 haud
1086 715 1267 777 dubie
1312 734 1389 777 ex
1430 716 1594 776 libris
1641 716 1770 796 ejus
1809 712 1941 795 ’περὶ
1982 716 2376 797 ψηφισμάτων,
2425 724 2494 773 ut
2535 714 2798 803 citantur

588 813 899 893 Stephano
946 812 1025 874 de
1070 814 1353 877 Urbibus.
1392 814 1495 895 qni
1538 812 1814 894 quamvis
1859 811 2038 873 etiam
2089 809 2353 873 Macedo
2393 808 2593 883 fuerit,
2618 805 2798 869 a'lius

588 920 789 973 tamen
812 930 949 973 esse
973 920 1173 990 potest
1210 928 1250 971 a
1276 920 1505 985 nostro,
1550 930 1728 990 quem
1757 908 2028 970 maximis
2063 908 2344 969 laudibus
2371 906 2603 969 ornavit
2632 906 2798 987 apud

590 1005 837 1089 Suidam
882 1007 1199 1069 Eumenes.
1286 1007 1411 1069 Res
1460 1016 1661 1067 autem
1706 1006 1878 1067 Alex.
1923 1005 2126 1085 attigit
2165 1007 2342 1066 etiarn
2389 1004 2450 1065 in
2489 1005 2666 1085 epist.
2715 996 2798 1062 ad

590 1114 835 1165 matrem
864 1102 1314 1184 Aristopatram,
1340 1105 1513 1184 cujus
1542 1103 1812 1164 meminit
1837 1100 2053 1163 Strabo
2083 1102 2184 1163 lib.
2216 1121 2335 1163 xv.

598 1248 607 1260 .
674 1201 1071 1263 Das‘naelms.
1120 1201 1317 1281 Hujus
1346 1201 1555 1261 Indica
1580 1201 1730 1263 citat
1759 1200 2086 1259 Athenaeus
2119 1216 2222 1260 rx.
2259 1184 2356 1258 ll.
2385 1198 2600 1261 Strabo
2625 1218 2800 1259 men·

590 1296 973 1361 dacissimum
1016 1297 1361 1378 scriptorem
1390 1294 1654 1378 appel-lat
1678 1297 1781 1357 lib.
1815 1315 1892 1356 ιι.
1937 1296 2040 1357 ubi
2091 1294 2238 1356 dicit
2264 1294 2508 1354 missum
2537 1292 2614 1355 ad
2648 1292 2800 1355 Alli-

590 1392 918 1455 trochaden
976 1393 1211 1467 Indum,
1267 1413 1507 1457 suarum
1554 1394 2097 1475 peregrinationum
2143 1390 2617 1452 Commentarios
2661 1368 2802 1453 reli'-

592 1488 1103 1569 quisse..

676 1588 1019 1668 Dexippus.
1106 1588 1270 1649 Citat
1308 1587 1469 1649 hunc
1498 1586 1813 1649 cedrenus
1866 1588 1926 1647 in
1969 1585 2362 1647 Historiarum
2403 1583 2802 1667 Compendio.

593 1683 740 1762 Ejus
794 1683 1155 1766 Excerpturn
1212 1695 1307 1747 est
1368 1684 1533 1765 apud
1582 1684 1909 1745 Eusebium
1973 1684 2034 1744 in
2097 1682 2287 1764 primo
2344 1676 2802 1747 chronicorum.

596 1778 833 1841 Vixisse
876 1780 1241 1860 temporibus
1295 1780 1535 1841 Galieni
1578 1789 1644 1840 et
1686 1800 1856 1861 seqq.
1887 1782 2036 1861 Imp.
2068 1780 2432 1861 Dexippum,
2489 1777 2592 1858 qui
2648 1787 2804 1837 tem·

594 1894 803 1954 porum
830 1873 1106 1938 historias
1130 1877 1459 1950 contexuit,
1489 1878 1677 1937 virum
1707 1876 1768 1936 in
1795 1876 2134 1937 liberalibus
2161 1874 2496 1958 disciplinis
2525 1884 2588 1935 et
2614 1872 2808 1936 sacul‘-

593 1980 717 2031 tate
745 1970 945 2051 logica
972 1973 1459 2046 versatissimum,
1488 1973 1840 2053 Eunapius
1825 1992 1886 2033 ιιι
1916 1973 2034 2033 fine
2063 1972 2376 2054 Porphyrii
2403 1970 2673 2034 tradidit.

678 2069 1101 2131 December.
1182 2070 1298 2131 Hic
1344 2070 1577 2131 videtur
1619 2068 1946 2131 Alexandri
1997 2090 2090 2132 res
2136 2070 2410 2150 attigisse
2444 2070 2510 2128 in
2537 2070 2699 2130 libris
2723 2068 2807 2133 de

598 2146 738 2227 Vita
765 2165 1134 2241 Graecorum,
1178 2168 1283 2247 qui
1310 2168 1572 2228 citantur
1617 2167 1914 2229 Athenaeo
1941 2170 2210 2227 x111.l.
2298 2166 2435 2227 Fuit
2480 2174 2678 2229 autem
2730 2187 2810 2227 ex

600 2260 884 2323 Messana
934 2263 1195 2336 Siculus,
1238 2263 1579 2325 Aristotelis
1629 2264 1890 2338 auditor,
1911 2274 1992 2324 ut
2040 2263 2260 2324 Suidas
2287 2261 2556 2325 tradidit.
2642 2262 2812 2323 citat

598 2378 737 2422 euin
764 2360 1121 2441 saepiuscule
1147 2360 1423 2421 Plinius
1406 2380 1467 2421 ιιι
1498 2361 1662 2421 libris
1693 2362 1986 2442 prioribus
2015 2380 2092 2421 ex
2120 2360 2514 2421 Geometricis
2545 2359 2808 2443 scriptis,

598 2476 735 2520 cum
774 2477 850 2518 ea
874 2456 1087 2527 laudes
1128 2457 1315 2520 fuisse
1341 2458 1529 2520 virum
1554 2457 1882 2532 eruditum,
1898 2468 1962 2520 et
1987 2458 2222 2538 Regum
2239 2477 2387 2518 cura
2413 2465 2645 2518 montes
2669 2477 2812 2539 per-

596 2573 891 2638 mensum.
974 2555 1196 2618 Locum
1222 2577 1297 2618 ex
1324 2556 1515 2636 primo
1539 2557 1676 2634 ejus
1704 2555 1854 2615 libro
1890 2555 2071 2617 refert
2095 2554 2416 2616 Africanus
2456 2555 2518 2614 in
2557 2553 2806 2640 Sylloge

600 2649 837 2730 Regum
862 2652 1273 2732 AEgyptiorum
1302 2671 1541 2712 annexa
1566 2671 1605 2712 a
1632 2651 1940 2732 scaligero
1963 2651 2210 2712 editioni
2227 2651 2616 2720 Eusebianoe.

685 2749 818 2812 Dio
850 2749 1305 2858 chysostomus
1326 2749 1647 2822 Prssss‘esss,
1672 2750 1826 2808 inter
1849 2749 1988 2822 alia,
2016 2747 2092 2810 de
2119 2747 2446 2810 Alexandri
2474 2749 2810 2814 Virtutibus

601 2841 783 2904 libros
811 2851 951 2906 octo
975 2843 1288 2923 scripsisse
1312 2845 1537 2906 dicitur
1564 2845 1726 2925 apud
1753 2843 2025 2948 Suidam.
2109 2844 2291 2908 Plura
2337 2845 2414 2907 de
2453 2863 2528 2907 eo
2555 2841 2810 2956 Photius

513 2995 527 3004 ,
604 2939 665 2998 in
695 2938 1089 3004 Bibliotheca.

626 3034 1025 3106 Diodorus.
1036 3035 1297 3099 Siculus.
1390 3085 1397 3092 .

686 3129 1001 3196 Diodotus
1022 3131 1393 3214 Erythram
1436 3129 1858 3215 premerides
1901 3133 2226 3195 Alexandri
2256 3136 2516 3217 scripsit,
2541 3143 2609 3195 ut
2637 3135 2816 3200 colli-

608 3226 771 3306 gitur
796 3249 873 3290 ex
901 3230 1197 3292 Athenoeo
1230 3251 1299 3293 x.
1331 3231 1391 3290 9.

686 3325 998 3408 Diogenes
1024 3327 1427 3408 Babylonius.
1472 3328 1652 3390 Hunc
1679 3329 1758 3390 de
1783 3329 2130 3390 Alexandro
2157 3329 2468 3410 scripsisse
2483 3327 2711 3389 clarum
2733 3347 2814 3389 ex

607 3421 861 3492 Quintil.
894 3443 941 3486 r.
979 3429 1031 3486 l.
1062 3428 1121 3484 8.
1152 3435 1215 3485 et
1242 3424 1552 3486 Clemente
1568 3425 1979 3487 Alexandrino
2008 3424 2114 3487 lib.
2143 3445 2193 3486 1.
2237 3427 2624 3487 Stromatum.
2710 3423 2818 3500 Ut,

604 3519 705 3597 qui
731 3520 1027 3598 Antipatri
1054 3529 1479 3599 proeceptorem
1521 3521 1706 3582 fuisse
1733 3522 1961 3596 volunt,
1989 3520 2068 3582 de
2099 3521 2340 3602 juniore
2378 3521 2694 3602 Antipatro
2721 3521 2818 3580 in-

607 3615 875 3696 telligere
900 3635 1145 3678 necesse
1169 3616 1455 3680 habeant.

692 3713 1043 3792 Diognetus
1066 3731 1203 3773 cum
1231 3712 1481 3776 Baetone
1508 3714 1888 3794 conjungitur
1915 3715 2077 3795 apud
2103 3681 2362 3774 Plinium
2393 3731 2489 3774 vr.
2525 3715 2620 3774 1⁰7.

696 3809 1059 3887 Dionysius,
1086 3827 1123 3869 a
1165 3807 1563 3890 Philadelpho
1610 3811 1830 3872 missus
1875 3811 1935 3871 in
1983 3811 2239 3884 Indiam,
2291 3819 2361 3870 ut
2396 3807 2557 3871 Plin.
2589 3829 2684 3870 vr.
2717 3811 2816 3870 17.

610 3904 814 3978 tradit,
836 3925 971 3966 cum
992 3905 1231 3986 regibus
1255 3905 1479 3968 Indicis
1500 3918 1789 3982 moratus,
1805 3907 1968 3970 vires
1977 3927 2216 3988 quoque
2245 3905 2510 3986 gentium
2529 3905 2818 3988 prodidit.

613 4001 795 4070 Quod
838 4011 997 4064 certe
1032 4002 1156 4064 fieri
1198 4021 1319 4063 non
1368 4005 1582 4084 potuit,
1631 4005 1758 4066 sine
1797 4005 2102 4087 proecipna
2129 4003 2474 4078 Alexandri,
2503 4021 2818 4082 rerumque

612 4097 685 4156 iis
712 4098 861 4160 locis
891 4099 966 4159 ab
992 4118 1067 4161 eo
1092 4112 1415 4180 gestarum,
1442 4101 1771 4164 mentione.

697 4195 1009 4258 Diots‘nms
1038 4197 1446 4261 Atheniensis.
1534 4199 1714 4262 Hunc
1755 4199 1934 4261 etiam
1986 4200 2140 4260 inter
2187 4197 2508 4280 scriptores
2547 4195 2818 4257 historiar
