<?xml version="1.0" encoding="UTF-8"?>
<!DOCTYPE html PUBLIC "-//W3C//DTD XHTML 1.0 Transitional//EN"
    "http://www.w3.org/TR/xhtml1/DTD/xhtml1-transitional.dtd">
<html xmlns="http://www.w3.org/1999/xhtml" xml:lang="en" lang="en">
 <head>
  <title>
</title>
<meta http-equiv="Content-Type" content="text/html;charset=utf-8" />
  <meta name='ocr-system' content='tesseract 3.04.00' />
  <meta name='ocr-capabilities' content='ocr_page ocr_carea ocr_par ocr_line ocrx_word'/>
</head>
<body>
  <div class='ocr_page' id='page_1' title='image "./quinticurtiiruf04rufugoog_0185.png"; bbox 0 0 3222 4944; ppageno 0'>
   <div class='ocr_carea' id='block_1_1' title="bbox 900 363 2180 439">
    <p class='ocr_par' dir='ltr' id='par_1_1' title="bbox 900 363 2180 439">
     <span class='ocr_line' id='line_1_1' title="bbox 900 363 2180 439; baseline 0.001 -13"><span class='ocrx_word' id='word_1_1' title='bbox 900 382 970 439; x_wconf 78' lang='lat' dir='ltr'><strong>Q.</strong></span> <span class='ocrx_word' id='word_1_2' title='bbox 1016 378 1277 427; x_wconf 69' lang='grc' dir='ltr'><strong>ουκτιι</strong></span> <span class='ocrx_word' id='word_1_3' title='bbox 1328 376 1509 426; x_wconf 75' lang='lat' dir='ltr'><strong>uum</strong></span> <span class='ocrx_word' id='word_1_4' title='bbox 1559 378 1707 425; x_wconf 74' lang='lat' dir='ltr'><strong>mn.</strong></span> <span class='ocrx_word' id='word_1_5' title='bbox 1753 378 1864 427; x_wconf 78' lang='grc' dir='ltr'><strong>ιι.</strong></span> <span class='ocrx_word' id='word_1_6' title='bbox 1909 378 2073 427; x_wconf 67' lang='lat' dir='ltr'><strong>cap.</strong></span> <span class='ocrx_word' id='word_1_7' title='bbox 2115 363 2180 427; x_wconf 75' lang='lat'><strong>2.</strong></span> 
     </span>
    </p>
   </div>
   <div class='ocr_carea' id='block_1_2' title="bbox 438 516 1499 959">
    <p class='ocr_par' dir='ltr' id='par_1_2' title="bbox 438 516 1499 959">
     <span class='ocr_line' id='line_1_2' title="bbox 438 516 1499 581; baseline -0.003 -13"><span class='ocrx_word' id='word_1_8' title='bbox 438 517 611 568; x_wconf 86' lang='lat' dir='ltr'><strong>torico</strong></span> <span class='ocrx_word' id='word_1_9' title='bbox 631 522 909 581; x_wconf 71' lang='lat' dir='ltr'><strong>augmento</strong></span> <span class='ocrx_word' id='word_1_10' title='bbox 942 517 1127 581; x_wconf 72' lang='lat' dir='ltr'><strong>magis,</strong></span> <span class='ocrx_word' id='word_1_11' title='bbox 1150 530 1301 580; x_wconf 87' lang='lat' dir='ltr'><strong>quam</strong></span> <span class='ocrx_word' id='word_1_12' title='bbox 1336 516 1499 565; x_wconf 85' lang='lat' dir='ltr'><strong>histe-</strong></span> 
     </span>
     <span class='ocr_line' id='line_1_3' title="bbox 440 590 1496 655; baseline 0 -13"><span class='ocrx_word' id='word_1_13' title='bbox 440 594 553 643; x_wconf 86' lang='lat' dir='ltr'><strong>rica</strong></span> <span class='ocrx_word' id='word_1_14' title='bbox 584 590 691 641; x_wconf 78' lang='lat' dir='ltr'><strong>fide</strong></span> <span class='ocrx_word' id='word_1_15' title='bbox 728 592 1018 643; x_wconf 85' lang='lat' dir='ltr'><strong>accelerata</strong></span> <span class='ocrx_word' id='word_1_16' title='bbox 1057 591 1316 655; x_wconf 83' lang='lat' dir='ltr'><strong>videatur,</strong></span> <span class='ocrx_word' id='word_1_17' title='bbox 1354 600 1413 642; x_wconf 89' lang='lat' dir='ltr'><strong>ut</strong></span> <span class='ocrx_word' id='word_1_18' title='bbox 1444 592 1496 642; x_wconf 82' lang='lat' dir='ltr'><strong>bi</strong></span> 
     </span>
     <span class='ocr_line' id='line_1_4' title="bbox 438 665 1498 729; baseline 0 -13"><span class='ocrx_word' id='word_1_19' title='bbox 438 681 581 717; x_wconf 89' lang='lat' dir='ltr'><strong>nono</strong></span> <span class='ocrx_word' id='word_1_20' title='bbox 609 668 719 729; x_wconf 82' lang='lat' dir='ltr'><strong>jam</strong></span> <span class='ocrx_word' id='word_1_21' title='bbox 758 681 891 715; x_wconf 86' lang='lat' dir='ltr'><strong>anno</strong></span> <span class='ocrx_word' id='word_1_22' title='bbox 928 665 1278 717; x_wconf 72' lang='lat' dir='ltr'>Alexandrum</span> <span class='ocrx_word' id='word_1_23' title='bbox 1312 667 1498 728; x_wconf 87' lang='lat' dir='ltr'><strong>secuti,</strong></span> 
     </span>
     <span class='ocr_line' id='line_1_5' title="bbox 438 743 1498 809; baseline -0.003 -16"><span class='ocrx_word' id='word_1_24' title='bbox 438 744 575 809; x_wconf 88' lang='lat' dir='ltr'><strong>quod</strong></span> <span class='ocrx_word' id='word_1_25' title='bbox 600 743 882 793; x_wconf 85' lang='lat' dir='ltr'><strong>Alexandri</strong></span> <span class='ocrx_word' id='word_1_26' title='bbox 912 744 1120 793; x_wconf 84' lang='lat' dir='ltr'><strong>nomine</strong></span> <span class='ocrx_word' id='word_1_27' title='bbox 1152 744 1267 806; x_wconf 82' lang='lat' dir='ltr'><strong>ipse</strong></span> <span class='ocrx_word' id='word_1_28' title='bbox 1302 744 1498 793; x_wconf 84' lang='lat' dir='ltr'><strong>Noster</strong></span> 
     </span>
     <span class='ocr_line' id='line_1_6' title="bbox 440 819 1499 881; baseline -0.002 -12"><span class='ocrx_word' id='word_1_29' title='bbox 440 826 665 869; x_wconf 80' lang='lat' dir='ltr'><strong>testatur</strong></span> <span class='ocrx_word' id='word_1_30' title='bbox 694 832 779 868; x_wconf 80' lang='lat' dir='ltr'><strong>tx.</strong></span> <span class='ocrx_word' id='word_1_31' title='bbox 804 822 853 867; x_wconf 80' lang='grc'><strong>6.</strong></span> <span class='ocrx_word' id='word_1_32' title='bbox 883 823 969 869; x_wconf 82' lang='lat'><strong>21.</strong></span> <span class='ocrx_word' id='word_1_33' title='bbox 992 819 1102 881; x_wconf 81' lang='lat' dir='ltr'><strong>jain</strong></span> <span class='ocrx_word' id='word_1_34' title='bbox 1146 819 1349 867; x_wconf 84' lang='lat' dir='ltr'><strong>senium</strong></span> <span class='ocrx_word' id='word_1_35' title='bbox 1378 832 1499 867; x_wconf 85' lang='lat' dir='ltr'><strong>con·</strong></span> 
     </span>
     <span class='ocr_line' id='line_1_7' title="bbox 438 894 1493 959; baseline -0.002 -14"><span class='ocrx_word' id='word_1_36' title='bbox 438 894 715 945; x_wconf 76' lang='lat' dir='ltr'><strong>traxerint.</strong></span> <span class='ocrx_word' id='word_1_37' title='bbox 770 894 1017 943; x_wconf 79' lang='lat' dir='ltr'><strong>Cursibus</strong></span> <span class='ocrx_word' id='word_1_38' title='bbox 1037 894 1228 959; x_wconf 83' lang='lat' dir='ltr'><strong>potius,</strong></span> <span class='ocrx_word' id='word_1_39' title='bbox 1242 901 1300 943; x_wconf 72' lang='lat' dir='ltr'><strong>et</strong></span> <span class='ocrx_word' id='word_1_40' title='bbox 1316 900 1395 943; x_wconf 90' lang='lat' dir='ltr'><strong>tot</strong></span> <span class='ocrx_word' id='word_1_41' title='bbox 1415 907 1493 943; x_wconf 87' lang='lat' dir='ltr'><strong>re-</strong></span> 
     </span>
    </p>
   </div>
   <div class='ocr_carea' id='block_1_3' title="bbox 440 968 1519 1033">
    <p class='ocr_par' dir='ltr' id='par_1_3' title="bbox 440 968 1519 1033">
     <span class='ocr_line' id='line_1_8' title="bbox 440 968 1519 1033; baseline -0.001 -16"><span class='ocrx_word' id='word_1_42' title='bbox 440 968 676 1033; x_wconf 70' lang='lat' dir='ltr'><strong>gionibus</strong></span> <span class='ocrx_word' id='word_1_43' title='bbox 715 969 1067 1031; x_wconf 68' lang='lat' dir='ltr'><strong>peragrandis,</strong></span> <span class='ocrx_word' id='word_1_44' title='bbox 1126 968 1519 1032; x_wconf 81' lang='lat' dir='ltr'><strong>domandisque·</strong></span> 
     </span>
    </p>
   </div>
   <div class='ocr_carea' id='block_1_4' title="bbox 412 1043 1497 4274">
    <p class='ocr_par' dir='ltr' id='par_1_4' title="bbox 412 1043 1497 4274">
     <span class='ocr_line' id='line_1_9' title="bbox 439 1043 1493 1106; baseline 0.001 -14"><span class='ocrx_word' id='word_1_45' title='bbox 439 1044 701 1106; x_wconf 71' lang='lat' dir='ltr'><strong>gentibus,</strong></span> <span class='ocrx_word' id='word_1_46' title='bbox 731 1044 781 1091; x_wconf 90' lang='lat' dir='ltr'><strong>in</strong></span> <span class='ocrx_word' id='word_1_47' title='bbox 804 1045 917 1093; x_wconf 83' lang='lat' dir='ltr'><strong>acie</strong></span> <span class='ocrx_word' id='word_1_48' title='bbox 940 1053 993 1093; x_wconf 91' lang='lat' dir='ltr'><strong>et</strong></span> <span class='ocrx_word' id='word_1_49' title='bbox 1024 1045 1211 1093; x_wconf 85' lang='lat' dir='ltr'><strong>castris</strong></span> <span class='ocrx_word' id='word_1_50' title='bbox 1232 1043 1493 1093; x_wconf 70' lang='lat' dir='ltr'><strong>laboribus</strong></span> 
     </span>
     <span class='ocr_line' id='line_1_10' title="bbox 435 1116 1497 1184; baseline 0.004 -18"><span class='ocrx_word' id='word_1_51' title='bbox 435 1116 594 1169; x_wconf 76' lang='lat' dir='ltr'><strong>fracti</strong></span> <span class='ocrx_word' id='word_1_52' title='bbox 618 1126 673 1169; x_wconf 88' lang='lat' dir='ltr'><strong>et</strong></span> <span class='ocrx_word' id='word_1_53' title='bbox 693 1116 952 1168; x_wconf 86' lang='lat' dir='ltr'><strong>debilitati</strong></span> <span class='ocrx_word' id='word_1_54' title='bbox 968 1120 1227 1181; x_wconf 84' lang='lat' dir='ltr'><strong>dicantur,</strong></span> <span class='ocrx_word' id='word_1_55' title='bbox 1245 1134 1395 1184; x_wconf 85' lang='lat' dir='ltr'><strong>quam</strong></span> <span class='ocrx_word' id='word_1_56' title='bbox 1417 1136 1497 1169; x_wconf 84' lang='lat' dir='ltr'><strong>se-</strong></span> 
     </span>
     <span class='ocr_line' id='line_1_11' title="bbox 434 1192 1495 1247; baseline 0.005 -6"><span class='ocrx_word' id='word_1_57' title='bbox 434 1192 523 1243; x_wconf 88' lang='lat' dir='ltr'><strong>nio</strong></span> <span class='ocrx_word' id='word_1_58' title='bbox 540 1192 789 1243; x_wconf 81' lang='lat' dir='ltr'><strong>confecti.</strong></span> <span class='ocrx_word' id='word_1_59' title='bbox 854 1195 982 1244; x_wconf 83' lang='lat' dir='ltr'><strong>Visa</strong></span> <span class='ocrx_word' id='word_1_60' title='bbox 998 1204 1144 1245; x_wconf 86' lang='lat' dir='ltr'><strong>certe</strong></span> <span class='ocrx_word' id='word_1_61' title='bbox 1163 1206 1281 1245; x_wconf 90' lang='lat' dir='ltr'><strong>suut</strong></span> <span class='ocrx_word' id='word_1_62' title='bbox 1295 1196 1407 1246; x_wconf 77' lang='lat' dir='ltr'><strong>baec</strong></span> <span class='ocrx_word' id='word_1_63' title='bbox 1422 1198 1495 1247; x_wconf 86' lang='lat' dir='ltr'><strong>ita</strong></span> 
     </span>
     <span class='ocr_line' id='line_1_12' title="bbox 434 1268 1496 1333; baseline 0.004 -16"><span class='ocrx_word' id='word_1_64' title='bbox 434 1268 883 1333; x_wconf 79' lang='lat' dir='ltr'><strong>perspicacissimo</strong></span> <span class='ocrx_word' id='word_1_65' title='bbox 900 1270 951 1317; x_wconf 92' lang='lat' dir='ltr'><strong>in</strong></span> <span class='ocrx_word' id='word_1_66' title='bbox 970 1270 1047 1318; x_wconf 87' lang='lat' dir='ltr'><strong>bis</strong></span> <span class='ocrx_word' id='word_1_67' title='bbox 1063 1271 1139 1319; x_wconf 89' lang='lat' dir='ltr'><strong>Cl.</strong></span> <span class='ocrx_word' id='word_1_68' title='bbox 1152 1270 1357 1320; x_wconf 87' lang='lat' dir='ltr'><strong>Clerico</strong></span> <span class='ocrx_word' id='word_1_69' title='bbox 1379 1272 1395 1299; x_wconf 89' lang='lat'>‘</span> <span class='ocrx_word' id='word_1_70' title='bbox 1408 1271 1496 1321; x_wconf 86' lang='lat' dir='ltr'><strong>ab·</strong></span> 
     </span>
     <span class='ocr_line' id='line_1_13' title="bbox 432 1346 1493 1409; baseline 0.001 -13"><span class='ocrx_word' id='word_1_71' title='bbox 432 1347 587 1396; x_wconf 88' lang='lat' dir='ltr'><strong>surda</strong></span> <span class='ocrx_word' id='word_1_72' title='bbox 602 1346 619 1370; x_wconf 76' lang='lat'><strong><em>⁹</em></strong></span> <span class='ocrx_word' id='word_1_73' title='bbox 640 1361 772 1409; x_wconf 84' lang='lat' dir='ltr'><strong>ease,</strong></span> <span class='ocrx_word' id='word_1_74' title='bbox 792 1348 809 1376; x_wconf 78' lang='lat'><em>⁶</em></span> <span class='ocrx_word' id='word_1_75' title='bbox 827 1348 871 1397; x_wconf 87' lang='lat' dir='ltr'><strong>si</strong></span> <span class='ocrx_word' id='word_1_76' title='bbox 888 1347 1243 1407; x_wconf 64' lang='lat' dir='ltr'><strong>intelligantur</strong></span> <span class='ocrx_word' id='word_1_77' title='bbox 1260 1348 1327 1396; x_wconf 88' lang='lat' dir='ltr'><strong>de</strong></span> <span class='ocrx_word' id='word_1_78' title='bbox 1346 1348 1493 1397; x_wconf 84' lang='lat' dir='ltr'><strong>bellis</strong></span> 
     </span>
     <span class='ocr_line' id='line_1_14' title="bbox 434 1421 1492 1486; baseline -0.003 -13"><span class='ocrx_word' id='word_1_79' title='bbox 434 1423 501 1473; x_wconf 86' lang='lat' dir='ltr'><strong>ab</strong></span> <span class='ocrx_word' id='word_1_80' title='bbox 523 1422 827 1473; x_wconf 82' lang='lat' dir='ltr'><strong>Alexandro</strong></span> <span class='ocrx_word' id='word_1_81' title='bbox 849 1422 1047 1486; x_wconf 63' lang='lat' dir='ltr'><strong>gestis?</strong></span> <span class='ocrx_word' id='word_1_82' title='bbox 1112 1421 1217 1472; x_wconf 84' lang='lat' dir='ltr'><strong>Sed</strong></span> <span class='ocrx_word' id='word_1_83' title='bbox 1240 1436 1379 1472; x_wconf 89' lang='lat' dir='ltr'><strong>nunc</strong></span> <span class='ocrx_word' id='word_1_84' title='bbox 1416 1422 1492 1471; x_wconf 90' lang='lat' dir='ltr'><strong>in-</strong></span> 
     </span>
     <span class='ocr_line' id='line_1_15' title="bbox 434 1498 1495 1561; baseline -0.001 -14"><span class='ocrx_word' id='word_1_85' title='bbox 434 1499 733 1561; x_wconf 76' lang='lat' dir='ltr'><strong>dulgentior</strong></span> <span class='ocrx_word' id='word_1_86' title='bbox 764 1498 947 1548; x_wconf 89' lang='lat' dir='ltr'><strong>Curtio</strong></span> <span class='ocrx_word' id='word_1_87' title='bbox 985 1504 1181 1559; x_wconf 70' lang='lat' dir='ltr'><strong>proter</strong></span> <span class='ocrx_word' id='word_1_88' title='bbox 1218 1505 1495 1548; x_wconf 84' lang='lat' dir='ltr'><strong>consuetu-</strong></span> 
     </span>
     <span class='ocr_line' id='line_1_16' title="bbox 436 1573 1496 1637; baseline 0 -16"><span class='ocrx_word' id='word_1_89' title='bbox 436 1574 609 1623; x_wconf 84' lang='lat' dir='ltr'><strong>dinem</strong></span> <span class='ocrx_word' id='word_1_90' title='bbox 632 1575 745 1637; x_wconf 80' lang='lat' dir='ltr'><strong>ipse</strong></span> <span class='ocrx_word' id='word_1_91' title='bbox 766 1574 881 1636; x_wconf 84' lang='lat' dir='ltr'><strong>ejus</strong></span> <span class='ocrx_word' id='word_1_92' title='bbox 920 1585 1153 1622; x_wconf 82' lang='lat' dir='ltr'><strong>caussam</strong></span> <span class='ocrx_word' id='word_1_93' title='bbox 1188 1573 1321 1634; x_wconf 72' lang='lat' dir='ltr'><strong>agit,</strong></span> <span class='ocrx_word' id='word_1_94' title='bbox 1352 1586 1496 1621; x_wconf 80' lang='lat' dir='ltr'><strong>eum-</strong></span> 
     </span>
     <span class='ocr_line' id='line_1_17' title="bbox 436 1645 1493 1712; baseline -0.002 -15"><span class='ocrx_word' id='word_1_95' title='bbox 436 1661 539 1711; x_wconf 91' lang='lat' dir='ltr'><strong>que</strong></span> <span class='ocrx_word' id='word_1_96' title='bbox 563 1648 717 1712; x_wconf 80' lang='lat' dir='ltr'><strong>juvat</strong></span> <span class='ocrx_word' id='word_1_97' title='bbox 738 1645 975 1697; x_wconf 86' lang='lat' dir='ltr'><strong>docendo</strong></span> <span class='ocrx_word' id='word_1_98' title='bbox 997 1660 1177 1696; x_wconf 78' lang='lat' dir='ltr'><strong>vocem</strong></span> <span class='ocrx_word' id='word_1_99' title='bbox 1196 1650 1382 1696; x_wconf 84' lang='lat' dir='ltr'><strong>‘senex</strong></span> <span class='ocrx_word' id='word_1_100' title='bbox 1414 1648 1493 1695; x_wconf 86' lang='lat' dir='ltr'><strong>in·</strong></span> 
     </span>
     <span class='ocr_line' id='line_1_18' title="bbox 436 1721 1493 1785; baseline 0 -14"><span class='ocrx_word' id='word_1_101' title='bbox 436 1721 641 1772; x_wconf 81' lang='lat' dir='ltr'><strong>terdum</strong></span> <span class='ocrx_word' id='word_1_102' title='bbox 680 1722 935 1771; x_wconf 69' lang='lat' dir='ltr'><strong>lto-inem</strong></span> <span class='ocrx_word' id='word_1_103' title='bbox 968 1735 1069 1771; x_wconf 91' lang='lat' dir='ltr'><strong>non</strong></span> <span class='ocrx_word' id='word_1_104' title='bbox 1105 1731 1366 1785; x_wconf 58' lang='lat' dir='ltr'><strong>provectas</strong></span> <span class='ocrx_word' id='word_1_105' title='bbox 1403 1722 1493 1771; x_wconf 86' lang='lat' dir='ltr'><strong>ad-</strong></span> 
     </span>
     <span class='ocr_line' id='line_1_19' title="bbox 432 1796 1491 1860; baseline -0.002 -14"><span class='ocrx_word' id='word_1_106' title='bbox 432 1796 643 1846; x_wconf 83' lang='lat' dir='ltr'><strong>modum</strong></span> <span class='ocrx_word' id='word_1_107' title='bbox 664 1798 833 1847; x_wconf 67' lang='lat' dir='ltr'><strong>etatis</strong></span> <span class='ocrx_word' id='word_1_108' title='bbox 856 1796 1159 1860; x_wconf 68' lang='lat' dir='ltr'><strong>significare,</strong></span> <span class='ocrx_word' id='word_1_109' title='bbox 1172 1804 1231 1847; x_wconf 88' lang='lat' dir='ltr'><strong>ut</strong></span> <span class='ocrx_word' id='word_1_110' title='bbox 1244 1798 1491 1859; x_wconf 73' lang='lat' dir='ltr'><strong>colligere</strong></span> 
     </span>
     <span class='ocr_line' id='line_1_20' title="bbox 432 1873 1493 1924; baseline 0 -1"><span class='ocrx_word' id='word_1_111' title='bbox 432 1880 600 1923; x_wconf 88' lang='lat' dir='ltr'><strong>estex</strong></span> <span class='ocrx_word' id='word_1_112' title='bbox 625 1873 799 1923; x_wconf 83' lang='lat' dir='ltr'><strong>verbis</strong></span> <span class='ocrx_word' id='word_1_113' title='bbox 828 1874 963 1924; x_wconf 79' lang='lat' dir='ltr'><strong>Livii</strong></span> <span class='ocrx_word' id='word_1_114' title='bbox 1001 1888 1139 1924; x_wconf 87' lang='lat' dir='ltr'><strong>xxx.</strong></span> <span class='ocrx_word' id='word_1_115' title='bbox 1175 1878 1256 1924; x_wconf 71' lang='lat'><strong>⁸⁰.</strong></span> <span class='ocrx_word' id='word_1_116' title='bbox 1290 1874 1381 1923; x_wconf 87' lang='lat' dir='ltr'><strong>nbi</strong></span> <span class='ocrx_word' id='word_1_117' title='bbox 1418 1875 1493 1923; x_wconf 81' lang='lat' dir='ltr'><strong>ita</strong></span> 
     </span>
     <span class='ocr_line' id='line_1_21' title="bbox 412 1949 1490 2013; baseline 0 -14"><span class='ocrx_word' id='word_1_118' title='bbox 412 1956 733 2013; x_wconf 69' lang='lat' dir='ltr'><strong>‚veteranum</strong></span> <span class='ocrx_word' id='word_1_119' title='bbox 777 1950 1143 2013; x_wconf 84' lang='lat' dir='ltr'><strong>imperatorem</strong></span> <span class='ocrx_word' id='word_1_120' title='bbox 1182 1949 1490 1999; x_wconf 71' lang='lat' dir='ltr'><strong>Annibalem</strong></span> 
     </span>
     <span class='ocr_line' id='line_1_22' title="bbox 432 2023 1491 2090; baseline 0.001 -17"><span class='ocrx_word' id='word_1_121' title='bbox 432 2027 731 2090; x_wconf 83' lang='lat' dir='ltr'><strong>loquentem</strong></span> <span class='ocrx_word' id='word_1_122' title='bbox 750 2023 978 2077; x_wconf 76' lang='lat' dir='ltr'><strong>inducit:</strong></span> <span class='ocrx_word' id='word_1_123' title='bbox 1008 2025 1026 2051; x_wconf 92' lang='lat'>‘</span> <span class='ocrx_word' id='word_1_124' title='bbox 1040 2024 1193 2077; x_wconf 83' lang='lat' dir='ltr'><strong>Quod</strong></span> <span class='ocrx_word' id='word_1_125' title='bbox 1214 2024 1279 2074; x_wconf 89' lang='lat' dir='ltr'><strong>ad</strong></span> <span class='ocrx_word' id='word_1_126' title='bbox 1298 2040 1382 2074; x_wconf 84' lang='lat' dir='ltr'><strong>mc</strong></span> <span class='ocrx_word' id='word_1_127' title='bbox 1400 2025 1491 2075; x_wconf 84' lang='lat' dir='ltr'><strong>ad·</strong></span> 
     </span>
     <span class='ocr_line' id='line_1_23' title="bbox 435 2101 1492 2165; baseline 0.001 -16"><span class='ocrx_word' id='word_1_128' title='bbox 435 2102 582 2160; x_wconf 89' lang='lat' dir='ltr'><strong>tinet,</strong></span> <span class='ocrx_word' id='word_1_129' title='bbox 599 2102 709 2165; x_wconf 86' lang='lat' dir='ltr'><strong>jam</strong></span> <span class='ocrx_word' id='word_1_130' title='bbox 732 2107 861 2151; x_wconf 75' lang='lat' dir='ltr'><strong>oetas</strong></span> <span class='ocrx_word' id='word_1_131' title='bbox 884 2115 1059 2149; x_wconf 83' lang='lat' dir='ltr'><strong>senem</strong></span> <span class='ocrx_word' id='word_1_132' title='bbox 1088 2102 1141 2150; x_wconf 88' lang='lat' dir='ltr'><strong>in</strong></span> <span class='ocrx_word' id='word_1_133' title='bbox 1166 2101 1387 2165; x_wconf 82' lang='lat' dir='ltr'><strong>patriam</strong></span> <span class='ocrx_word' id='word_1_134' title='bbox 1412 2116 1492 2150; x_wconf 86' lang='lat' dir='ltr'><strong>re-</strong></span> 
     </span>
     <span class='ocr_line' id='line_1_24' title="bbox 436 2176 1491 2239; baseline 0.001 -14"><span class='ocrx_word' id='word_1_135' title='bbox 436 2184 749 2238; x_wconf 77' lang='lat' dir='ltr'><strong>vertentem,</strong></span> <span class='ocrx_word' id='word_1_136' title='bbox 764 2176 905 2225; x_wconf 88' lang='lat' dir='ltr'><strong>unde</strong></span> <span class='ocrx_word' id='word_1_137' title='bbox 921 2190 1051 2238; x_wconf 82' lang='lat' dir='ltr'><strong>puer</strong></span> <span class='ocrx_word' id='word_1_138' title='bbox 1074 2177 1338 2239; x_wconf 80' lang='lat' dir='ltr'><strong>profectus</strong></span> <span class='ocrx_word' id='word_1_139' title='bbox 1360 2192 1491 2233; x_wconf 83' lang='lat' dir='ltr'><strong>sum,</strong></span> 
     </span>
     <span class='ocr_line' id='line_1_25' title="bbox 426 2250 1495 2316; baseline 0 -15"><span class='ocrx_word' id='word_1_140' title='bbox 426 2252 540 2316; x_wconf 83' lang='lat' dir='ltr'><strong>jam</strong></span> <span class='ocrx_word' id='word_1_141' title='bbox 584 2252 840 2313; x_wconf 66' lang='lat' dir='ltr'><strong>secunde,</strong></span> <span class='ocrx_word' id='word_1_142' title='bbox 863 2250 977 2315; x_wconf 83' lang='lat' dir='ltr'><strong>jam</strong></span> <span class='ocrx_word' id='word_1_143' title='bbox 1010 2252 1243 2301; x_wconf 75' lang='lat' dir='ltr'><strong>adversae</strong></span> <span class='ocrx_word' id='word_1_144' title='bbox 1283 2266 1386 2315; x_wconf 84' lang='lat' dir='ltr'><strong>res,</strong></span> <span class='ocrx_word' id='word_1_145' title='bbox 1416 2252 1495 2302; x_wconf 88' lang='lat' dir='ltr'><strong>ita</strong></span> 
     </span>
     <span class='ocr_line' id='line_1_26' title="bbox 435 2326 1493 2391; baseline 0.003 -16"><span class='ocrx_word' id='word_1_146' title='bbox 435 2326 759 2389; x_wconf 86' lang='lat' dir='ltr'><strong>erudierunt,</strong></span> <span class='ocrx_word' id='word_1_147' title='bbox 782 2335 838 2375; x_wconf 88' lang='lat' dir='ltr'><strong>ut</strong></span> <span class='ocrx_word' id='word_1_148' title='bbox 864 2328 1115 2376; x_wconf 76' lang='lat' dir='ltr'><strong>tationem</strong></span> <span class='ocrx_word' id='word_1_149' title='bbox 1138 2328 1304 2391; x_wconf 86' lang='lat' dir='ltr'><strong>sequi,</strong></span> <span class='ocrx_word' id='word_1_150' title='bbox 1342 2342 1493 2391; x_wconf 86' lang='lat' dir='ltr'><strong>quam</strong></span> 
     </span>
     <span class='ocr_line' id='line_1_27' title="bbox 434 2401 1494 2466; baseline 0 -15"><span class='ocrx_word' id='word_1_151' title='bbox 434 2402 691 2452; x_wconf 83' lang='lat' dir='ltr'><strong>fortunam</strong></span> <span class='ocrx_word' id='word_1_152' title='bbox 750 2401 956 2451; x_wconf 76' lang='lat' dir='ltr'><strong>malim-⁹</strong></span> <span class='ocrx_word' id='word_1_153' title='bbox 1042 2403 1237 2453; x_wconf 82' lang='lat' dir='ltr'><strong>Verum</strong></span> <span class='ocrx_word' id='word_1_154' title='bbox 1307 2409 1494 2466; x_wconf 83' lang='lat' dir='ltr'><strong>postea</strong></span> 
     </span>
     <span class='ocr_line' id='line_1_28' title="bbox 435 2477 1491 2541; baseline -0.001 -13"><span class='ocrx_word' id='word_1_155' title='bbox 435 2479 573 2528; x_wconf 82' lang='lat' dir='ltr'><strong>idem</strong></span> <span class='ocrx_word' id='word_1_156' title='bbox 599 2479 825 2528; x_wconf 82' lang='lat' dir='ltr'><strong>Annibal</strong></span> <span class='ocrx_word' id='word_1_157' title='bbox 846 2479 1029 2528; x_wconf 85' lang='lat' dir='ltr'><strong>eodem</strong></span> <span class='ocrx_word' id='word_1_158' title='bbox 1054 2478 1147 2527; x_wconf 90' lang='lat' dir='ltr'><strong>lib.</strong></span> <span class='ocrx_word' id='word_1_159' title='bbox 1170 2493 1216 2528; x_wconf 90' lang='lat' dir='ltr'><strong>c.</strong></span> <span class='ocrx_word' id='word_1_160' title='bbox 1238 2481 1319 2528; x_wconf 74' lang='lat'><strong>8⁷.</strong></span> <span class='ocrx_word' id='word_1_161' title='bbox 1354 2477 1491 2541; x_wconf 80' lang='lat' dir='ltr'><strong>apud</strong></span> 
     </span>
     <span class='ocr_line' id='line_1_29' title="bbox 438 2555 1489 2619; baseline -0.002 -13"><span class='ocrx_word' id='word_1_162' title='bbox 438 2556 887 2619; x_wconf 72' lang='lat' dir='ltr'><strong>Carthaginenses,</strong></span> <span class='ocrx_word' id='word_1_163' title='bbox 908 2558 924 2584; x_wconf 80' lang='lat'><strong><em>⁴</em></strong></span> <span class='ocrx_word' id='word_1_164' title='bbox 940 2571 1123 2606; x_wconf 80' lang='lat' dir='ltr'><strong>novem</strong></span> <span class='ocrx_word' id='word_1_165' title='bbox 1136 2555 1151 2579; x_wconf 87' lang='lat'><em>’</em></span> <span class='ocrx_word' id='word_1_166' title='bbox 1174 2556 1345 2618; x_wconf 86' lang='lat' dir='ltr'><strong>inquit</strong></span> <span class='ocrx_word' id='word_1_167' title='bbox 1369 2561 1383 2584; x_wconf 81' lang='lat'><strong>⁴</strong></span> <span class='ocrx_word' id='word_1_168' title='bbox 1400 2569 1489 2604; x_wconf 86' lang='lat' dir='ltr'><strong>an·</strong></span> 
     </span>
     <span class='ocr_line' id='line_1_30' title="bbox 436 2630 1489 2694; baseline -0.001 -14"><span class='ocrx_word' id='word_1_169' title='bbox 436 2644 616 2681; x_wconf 88' lang='lat' dir='ltr'><strong>norum</strong></span> <span class='ocrx_word' id='word_1_170' title='bbox 640 2645 671 2680; x_wconf 91' lang='lat' dir='ltr'><strong>a</strong></span> <span class='ocrx_word' id='word_1_171' title='bbox 694 2630 836 2681; x_wconf 84' lang='lat' dir='ltr'><strong>vobis</strong></span> <span class='ocrx_word' id='word_1_172' title='bbox 860 2630 1143 2694; x_wconf 81' lang='lat' dir='ltr'><strong>profectus,</strong></span> <span class='ocrx_word' id='word_1_173' title='bbox 1178 2638 1294 2693; x_wconf 85' lang='lat' dir='ltr'><strong>post</strong></span> <span class='ocrx_word' id='word_1_174' title='bbox 1331 2631 1489 2694; x_wconf 78' lang='lat' dir='ltr'><strong>trige-</strong></span> 
     </span>
     <span class='ocr_line' id='line_1_31' title="bbox 434 2704 1490 2756; baseline 0 -2"><span class='ocrx_word' id='word_1_175' title='bbox 434 2707 615 2756; x_wconf 86' lang='lat' dir='ltr'><strong>simum</strong></span> <span class='ocrx_word' id='word_1_176' title='bbox 654 2713 858 2756; x_wconf 84' lang='lat' dir='ltr'><strong>sextum</strong></span> <span class='ocrx_word' id='word_1_177' title='bbox 892 2721 1077 2756; x_wconf 83' lang='lat' dir='ltr'><strong>annum</strong></span> <span class='ocrx_word' id='word_1_178' title='bbox 1115 2704 1283 2755; x_wconf 85' lang='lat' dir='ltr'><strong>redii.’</strong></span> <span class='ocrx_word' id='word_1_179' title='bbox 1365 2707 1490 2754; x_wconf 80' lang='lat' dir='ltr'><strong>Erat</strong></span> 
     </span>
     <span class='ocr_line' id='line_1_32' title="bbox 432 2781 1487 2846; baseline -0.003 -14"><span class='ocrx_word' id='word_1_180' title='bbox 432 2795 560 2846; x_wconf 78' lang='lat' dir='ltr'><strong>ergo</strong></span> <span class='ocrx_word' id='word_1_181' title='bbox 592 2796 843 2832; x_wconf 85' lang='lat' dir='ltr'><strong>annorum</strong></span> <span class='ocrx_word' id='word_1_182' title='bbox 874 2782 1217 2846; x_wconf 79' lang='lat' dir='ltr'><strong>quadraginta</strong></span> <span class='ocrx_word' id='word_1_183' title='bbox 1244 2781 1487 2845; x_wconf 86' lang='lat' dir='ltr'><strong>quinque,</strong></span> 
     </span>
     <span class='ocr_line' id='line_1_33' title="bbox 434 2857 1486 2920; baseline 0.002 -16"><span class='ocrx_word' id='word_1_184' title='bbox 434 2869 551 2920; x_wconf 71' lang='lat' dir='ltr'><strong>quae</strong></span> <span class='ocrx_word' id='word_1_185' title='bbox 573 2857 659 2906; x_wconf 82' lang='lat' dir='ltr'><strong>vix</strong></span> <span class='ocrx_word' id='word_1_186' title='bbox 682 2857 887 2906; x_wconf 86' lang='lat' dir='ltr'><strong>dicatur</strong></span> <span class='ocrx_word' id='word_1_187' title='bbox 906 2859 921 2884; x_wconf 84' lang='lat'>⁸</span> <span class='ocrx_word' id='word_1_188' title='bbox 939 2857 1115 2905; x_wconf 84' lang='lat' dir='ltr'><strong>senilis</strong></span> <span class='ocrx_word' id='word_1_189' title='bbox 1131 2857 1146 2878; x_wconf 88' lang='lat'>’</span> <span class='ocrx_word' id='word_1_190' title='bbox 1169 2862 1314 2920; x_wconf 74' lang='lat' dir='ltr'><strong>aetas,</strong></span> <span class='ocrx_word' id='word_1_191' title='bbox 1346 2857 1389 2905; x_wconf 89' lang='lat' dir='ltr'><strong>si</strong></span> <span class='ocrx_word' id='word_1_192' title='bbox 1423 2873 1486 2906; x_wconf 87' lang='lat' dir='ltr'><strong>ea</strong></span> 
     </span>
     <span class='ocr_line' id='line_1_34' title="bbox 435 2931 1487 2995; baseline 0.002 -16"><span class='ocrx_word' id='word_1_193' title='bbox 435 2945 563 2980; x_wconf 82' lang='lat' dir='ltr'><strong>voce</strong></span> <span class='ocrx_word' id='word_1_194' title='bbox 586 2931 952 2995; x_wconf 76' lang='lat' dir='ltr'><strong>significamus.</strong></span> <span class='ocrx_word' id='word_1_195' title='bbox 985 2931 1121 2995; x_wconf 88' lang='lat' dir='ltr'><strong>quod</strong></span> <span class='ocrx_word' id='word_1_196' title='bbox 1145 2932 1299 2994; x_wconf 77' lang='lat' dir='ltr'><strong>vulgo</strong></span> <span class='ocrx_word' id='word_1_197' title='bbox 1334 2932 1487 2994; x_wconf 68' lang='grc' dir='ltr'><strong>γῆρας</strong></span> 
     </span>
     <span class='ocr_line' id='line_1_35' title="bbox 434 3006 1485 3069; baseline 0 -15"><span class='ocrx_word' id='word_1_198' title='bbox 434 3013 619 3056; x_wconf 82' lang='lat' dir='ltr'><strong>vocant</strong></span> <span class='ocrx_word' id='word_1_199' title='bbox 642 3006 853 3057; x_wconf 62' lang='lat' dir='ltr'><strong>Greci:</strong></span> <span class='ocrx_word' id='word_1_200' title='bbox 887 3013 945 3054; x_wconf 83' lang='lat' dir='ltr'><strong>at</strong></span> <span class='ocrx_word' id='word_1_201' title='bbox 972 3008 1217 3069; x_wconf 83' lang='lat' dir='ltr'><strong>opposita</strong></span> <span class='ocrx_word' id='word_1_202' title='bbox 1244 3008 1485 3069; x_wconf 57' lang='lat' dir='ltr'><strong>pueritiae</strong></span> 
     </span>
     <span class='ocr_line' id='line_1_36' title="bbox 434 3081 1485 3145; baseline 0.001 -15"><span class='ocrx_word' id='word_1_203' title='bbox 434 3089 526 3131; x_wconf 87' lang='lat' dir='ltr'><strong>ant</strong></span> <span class='ocrx_word' id='word_1_204' title='bbox 548 3081 915 3132; x_wconf 65' lang='lat' dir='ltr'><strong>adolescentia</strong></span> <span class='ocrx_word' id='word_1_205' title='bbox 934 3096 998 3131; x_wconf 89' lang='lat' dir='ltr'><strong>eo</strong></span> <span class='ocrx_word' id='word_1_206' title='bbox 1016 3085 1215 3130; x_wconf 86' lang='lat' dir='ltr'><strong>nomine</strong></span> <span class='ocrx_word' id='word_1_207' title='bbox 1231 3083 1485 3145; x_wconf 80' lang='lat' dir='ltr'><strong>appellari</strong></span> 
     </span>
     <span class='ocr_line' id='line_1_37' title="bbox 432 3155 1487 3220; baseline 0 -16"><span class='ocrx_word' id='word_1_208' title='bbox 432 3163 607 3220; x_wconf 84' lang='lat' dir='ltr'><strong>queat.</strong></span> <span class='ocrx_word' id='word_1_209' title='bbox 670 3157 756 3205; x_wconf 78' lang='lat' dir='ltr'><strong>Sic</strong></span> <span class='ocrx_word' id='word_1_210' title='bbox 776 3162 835 3205; x_wconf 85' lang='lat' dir='ltr'><strong>et</strong></span> <span class='ocrx_word' id='word_1_211' title='bbox 856 3158 910 3204; x_wconf 89' lang='lat' dir='ltr'><strong>in</strong></span> <span class='ocrx_word' id='word_1_212' title='bbox 932 3158 1167 3206; x_wconf 83' lang='lat' dir='ltr'><strong>exercitu</strong></span> <span class='ocrx_word' id='word_1_213' title='bbox 1186 3155 1487 3220; x_wconf 82' lang='lat' dir='ltr'><strong>Alexandri,</strong></span> 
     </span>
     <span class='ocr_line' id='line_1_38' title="bbox 432 3231 1484 3294; baseline 0.002 -16"><span class='ocrx_word' id='word_1_214' title='bbox 432 3231 646 3291; x_wconf 84' lang='lat' dir='ltr'><strong>milltes,</strong></span> <span class='ocrx_word' id='word_1_215' title='bbox 666 3231 753 3294; x_wconf 91' lang='lat' dir='ltr'><strong>qui</strong></span> <span class='ocrx_word' id='word_1_216' title='bbox 776 3231 843 3280; x_wconf 86' lang='lat' dir='ltr'><strong>ab</strong></span> <span class='ocrx_word' id='word_1_217' title='bbox 864 3237 983 3280; x_wconf 88' lang='lat' dir='ltr'><strong>octo</strong></span> <span class='ocrx_word' id='word_1_218' title='bbox 1018 3233 1165 3280; x_wconf 85' lang='lat' dir='ltr'><strong>annis</strong></span> <span class='ocrx_word' id='word_1_219' title='bbox 1192 3232 1339 3293; x_wconf 76' lang='lat' dir='ltr'><strong>signa</strong></span> <span class='ocrx_word' id='word_1_220' title='bbox 1372 3233 1484 3294; x_wconf 80' lang='lat' dir='ltr'><strong>ejus</strong></span> 
     </span>
     <span class='ocr_line' id='line_1_39' title="bbox 435 3304 1487 3367; baseline 0.001 -15"><span class='ocrx_word' id='word_1_221' title='bbox 435 3304 805 3367; x_wconf 74' lang='lat' dir='ltr'><strong>sequebamur,</strong></span> <span class='ocrx_word' id='word_1_222' title='bbox 864 3309 1111 3364; x_wconf 85' lang='lat' dir='ltr'><strong>poterunt</strong></span> <span class='ocrx_word' id='word_1_223' title='bbox 1158 3305 1261 3353; x_wconf 91' lang='lat' dir='ltr'><strong>dici</strong></span> <span class='ocrx_word' id='word_1_224' title='bbox 1303 3306 1319 3332; x_wconf 78' lang='lat'>⁸</span> <span class='ocrx_word' id='word_1_225' title='bbox 1336 3319 1487 3354; x_wconf 79' lang='lat' dir='ltr'><strong>senes</strong></span> 
     </span>
     <span class='ocr_line' id='line_1_40' title="bbox 432 3375 1491 3440; baseline -0.004 -12"><span class='ocrx_word' id='word_1_226' title='bbox 432 3376 595 3440; x_wconf 78' lang='lat' dir='ltr'><strong>facti,&#39;</strong></span> <span class='ocrx_word' id='word_1_227' title='bbox 615 3377 659 3427; x_wconf 89' lang='lat' dir='ltr'><strong>si</strong></span> <span class='ocrx_word' id='word_1_228' title='bbox 678 3377 975 3439; x_wconf 73' lang='lat' dir='ltr'><strong>adtigerant</strong></span> <span class='ocrx_word' id='word_1_229' title='bbox 996 3375 1229 3425; x_wconf 80' lang='lat' dir='ltr'><strong>eamdem</strong></span> <span class='ocrx_word' id='word_1_230' title='bbox 1263 3384 1491 3437; x_wconf 71' lang='lat' dir='ltr'><strong>aetatem,</strong></span> 
     </span>
     <span class='ocr_line' id='line_1_41' title="bbox 432 3451 1487 3520; baseline -0.002 -16"><span class='ocrx_word' id='word_1_231' title='bbox 432 3468 539 3520; x_wconf 86' lang='lat' dir='ltr'><strong>qua</strong></span> <span class='ocrx_word' id='word_1_232' title='bbox 558 3453 785 3504; x_wconf 84' lang='lat' dir='ltr'><strong>Annibal</strong></span> <span class='ocrx_word' id='word_1_233' title='bbox 808 3465 981 3502; x_wconf 87' lang='lat' dir='ltr'><strong>senem</strong></span> <span class='ocrx_word' id='word_1_234' title='bbox 1014 3465 1072 3502; x_wconf 87' lang='lat' dir='ltr'><strong>sc</strong></span> <span class='ocrx_word' id='word_1_235' title='bbox 1108 3452 1345 3512; x_wconf 82' lang='lat' dir='ltr'><strong>vocabat,</strong></span> <span class='ocrx_word' id='word_1_236' title='bbox 1384 3451 1487 3502; x_wconf 70' lang='lat' dir='ltr'><strong>ino</strong></span> 
     </span>
     <span class='ocr_line' id='line_1_42' title="bbox 432 3527 1488 3592; baseline -0.002 -14"><span class='ocrx_word' id='word_1_237' title='bbox 432 3543 583 3580; x_wconf 79' lang='lat' dir='ltr'><strong>senes</strong></span> <span class='ocrx_word' id='word_1_238' title='bbox 622 3529 793 3579; x_wconf 75' lang='lat' dir='ltr'><strong>verius</strong></span> <span class='ocrx_word' id='word_1_239' title='bbox 826 3528 929 3578; x_wconf 87' lang='lat' dir='ltr'><strong>dici</strong></span> <span class='ocrx_word' id='word_1_240' title='bbox 962 3534 1230 3591; x_wconf 82' lang='lat' dir='ltr'><strong>poteraut,</strong></span> <span class='ocrx_word' id='word_1_241' title='bbox 1262 3529 1305 3577; x_wconf 82' lang='lat' dir='ltr'><strong>ai</strong></span> <span class='ocrx_word' id='word_1_242' title='bbox 1340 3527 1488 3592; x_wconf 90' lang='lat' dir='ltr'><strong>quin-</strong></span> 
     </span>
     <span class='ocr_line' id='line_1_43' title="bbox 434 3604 1489 3669; baseline -0.001 -15"><span class='ocrx_word' id='word_1_243' title='bbox 434 3605 733 3669; x_wconf 75' lang='lat' dir='ltr'><strong>quagesimo</strong></span> <span class='ocrx_word' id='word_1_244' title='bbox 752 3618 887 3654; x_wconf 86' lang='lat' dir='ltr'><strong>anno</strong></span> <span class='ocrx_word' id='word_1_245' title='bbox 904 3617 1085 3652; x_wconf 87' lang='lat' dir='ltr'><strong>nomen</strong></span> <span class='ocrx_word' id='word_1_246' title='bbox 1108 3605 1303 3654; x_wconf 73' lang='lat' dir='ltr'><strong>militiae</strong></span> <span class='ocrx_word' id='word_1_247' title='bbox 1318 3604 1489 3653; x_wconf 87' lang='lat' dir='ltr'><strong>dedis-</strong></span> 
     </span>
     <span class='ocr_line' id='line_1_44' title="bbox 435 3677 1485 3730; baseline 0.004 -4"><span class='ocrx_word' id='word_1_248' title='bbox 435 3679 590 3728; x_wconf 86' lang='lat' dir='ltr'><strong>sent.&#39;</strong></span> <span class='ocrx_word' id='word_1_249' title='bbox 654 3679 787 3730; x_wconf 73' lang='lat' dir='ltr'><strong>Haee</strong></span> <span class='ocrx_word' id='word_1_250' title='bbox 810 3679 896 3729; x_wconf 87' lang='lat' dir='ltr'><strong>ille</strong></span> <span class='ocrx_word' id='word_1_251' title='bbox 916 3677 1111 3729; x_wconf 82' lang='lat' dir='ltr'><strong>Judicii</strong></span> <span class='ocrx_word' id='word_1_252' title='bbox 1134 3679 1200 3730; x_wconf 88' lang='lat' dir='ltr'><strong>de</strong></span> <span class='ocrx_word' id='word_1_253' title='bbox 1232 3680 1417 3730; x_wconf 90' lang='lat' dir='ltr'><strong>Curtio</strong></span> <span class='ocrx_word' id='word_1_254' title='bbox 1438 3695 1485 3730; x_wconf 90' lang='lat' dir='ltr'><strong>c.</strong></span> 
     </span>
     <span class='ocr_line' id='line_1_45' title="bbox 432 3755 1485 3820; baseline 0.002 -17"><span class='ocrx_word' id='word_1_255' title='bbox 432 3757 483 3804; x_wconf 73' lang='grc' dir='ltr'><strong>Δ.</strong></span> <span class='ocrx_word' id='word_1_256' title='bbox 506 3759 556 3804; x_wconf 81' lang='lat'><strong>5.</strong></span> <span class='ocrx_word' id='word_1_257' title='bbox 578 3759 629 3804; x_wconf 78' lang='lat'><strong>6.</strong></span> <span class='ocrx_word' id='word_1_258' title='bbox 649 3758 701 3804; x_wconf 79' lang='grc'><strong>’1.</strong></span> <span class='ocrx_word' id='word_1_259' title='bbox 736 3761 1117 3818; x_wconf 63' lang='grc' dir='ltr'><strong>ρτωιιιοιιιιοιειῐ</strong></span> <span class='ocrx_word' id='word_1_260' title='bbox 1137 3755 1292 3805; x_wconf 87' lang='lat' dir='ltr'><strong>etlam</strong></span> <span class='ocrx_word' id='word_1_261' title='bbox 1314 3756 1485 3820; x_wconf 84' lang='lat' dir='ltr'><strong>paullo</strong></span> 
     </span>
     <span class='ocr_line' id='line_1_46' title="bbox 435 3829 1485 3881; baseline 0.001 -2"><span class='ocrx_word' id='word_1_262' title='bbox 435 3837 557 3879; x_wconf 87' lang='lat' dir='ltr'><strong>ante</strong></span> <span class='ocrx_word' id='word_1_263' title='bbox 576 3831 645 3880; x_wconf 83' lang='lat' dir='ltr'><strong>V.</strong></span> <span class='ocrx_word' id='word_1_264' title='bbox 666 3831 747 3881; x_wconf 91' lang='lat' dir='ltr'><strong>Cl.</strong></span> <span class='ocrx_word' id='word_1_265' title='bbox 798 3831 816 3860; x_wconf 89' lang='lat'>‘</span> <span class='ocrx_word' id='word_1_266' title='bbox 832 3829 1186 3879; x_wconf 83' lang='lat' dir='ltr'><strong>Alexandrum</strong></span> <span class='ocrx_word' id='word_1_267' title='bbox 1208 3831 1305 3881; x_wconf 89' lang='lat' dir='ltr'><strong>sibi</strong></span> <span class='ocrx_word' id='word_1_268' title='bbox 1345 3830 1485 3881; x_wconf 82' lang='lat' dir='ltr'><strong>facta</strong></span> 
     </span>
     <span class='ocr_line' id='line_1_47' title="bbox 435 3905 1482 3971; baseline 0.001 -16"><span class='ocrx_word' id='word_1_269' title='bbox 435 3905 695 3970; x_wconf 78' lang='lat' dir='ltr'><strong>imputare</strong></span> <span class='ocrx_word' id='word_1_270' title='bbox 734 3919 835 3955; x_wconf 88' lang='lat' dir='ltr'><strong>non</strong></span> <span class='ocrx_word' id='word_1_271' title='bbox 875 3920 1025 3970; x_wconf 83' lang='lat' dir='ltr'><strong>posse</strong></span> <span class='ocrx_word' id='word_1_272' title='bbox 1060 3905 1337 3968; x_wconf 80' lang='lat' dir='ltr'><strong>stipendia,</strong></span> <span class='ocrx_word' id='word_1_273' title='bbox 1368 3921 1482 3971; x_wconf 71' lang='lat' dir='ltr'><strong>qun</strong></span> 
     </span>
     <span class='ocr_line' id='line_1_48' title="bbox 436 3979 1485 4044; baseline 0 -14"><span class='ocrx_word' id='word_1_274' title='bbox 436 3981 537 4030; x_wconf 88' lang='lat' dir='ltr'><strong>sub</strong></span> <span class='ocrx_word' id='word_1_275' title='bbox 558 3981 801 4044; x_wconf 79' lang='lat' dir='ltr'><strong>Philippo</strong></span> <span class='ocrx_word' id='word_1_276' title='bbox 822 3979 1151 4032; x_wconf 59' lang='lat' dir='ltr'><strong>meruerant?</strong></span> <span class='ocrx_word' id='word_1_277' title='bbox 1217 3982 1348 4032; x_wconf 80' lang='lat' dir='ltr'><strong>Quae</strong></span> <span class='ocrx_word' id='word_1_278' title='bbox 1370 3995 1485 4043; x_wconf 83' lang='lat' dir='ltr'><strong>pos-</strong></span> 
     </span>
     <span class='ocr_line' id='line_1_49' title="bbox 436 4053 1487 4119; baseline 0.001 -14"><span class='ocrx_word' id='word_1_279' title='bbox 436 4061 603 4106; x_wconf 81' lang='lat' dir='ltr'><strong>trema</strong></span> <span class='ocrx_word' id='word_1_280' title='bbox 624 4057 782 4106; x_wconf 80' lang='lat' dir='ltr'><strong>verba</strong></span> <span class='ocrx_word' id='word_1_281' title='bbox 801 4071 903 4106; x_wconf 85' lang='lat' dir='ltr'><strong>non</strong></span> <span class='ocrx_word' id='word_1_282' title='bbox 926 4055 1095 4119; x_wconf 82' lang='lat' dir='ltr'><strong>capio,</strong></span> <span class='ocrx_word' id='word_1_283' title='bbox 1108 4061 1163 4104; x_wconf 86' lang='lat' dir='ltr'><strong>et</strong></span> <span class='ocrx_word' id='word_1_284' title='bbox 1183 4053 1370 4118; x_wconf 81' lang='lat' dir='ltr'><strong>fateor,</strong></span> <span class='ocrx_word' id='word_1_285' title='bbox 1386 4056 1487 4106; x_wconf 87' lang='lat' dir='ltr'><strong>ista</strong></span> 
     </span>
     <span class='ocr_line' id='line_1_50' title="bbox 435 4129 1487 4196; baseline 0.001 -17"><span class='ocrx_word' id='word_1_286' title='bbox 435 4145 796 4196; x_wconf 80' lang='lat' dir='ltr'><strong>responsurum</strong></span> <span class='ocrx_word' id='word_1_287' title='bbox 838 4129 1018 4194; x_wconf 81' lang='lat' dir='ltr'><strong>fuisse,</strong></span> <span class='ocrx_word' id='word_1_288' title='bbox 1049 4131 1147 4181; x_wconf 84' lang='lat' dir='ltr'><strong>nisi</strong></span> <span class='ocrx_word' id='word_1_289' title='bbox 1182 4140 1487 4196; x_wconf 68' lang='lat' dir='ltr'><strong>occupasset</strong></span> 
     </span>
     <span class='ocr_line' id='line_1_51' title="bbox 438 4205 1486 4274; baseline 0.003 -20"><span class='ocrx_word' id='word_1_290' title='bbox 438 4205 507 4256; x_wconf 74' lang='lat' dir='ltr'><strong>V.</strong></span> <span class='ocrx_word' id='word_1_291' title='bbox 530 4209 610 4260; x_wconf 87' lang='lat' dir='ltr'><strong>Cl.</strong></span> <span class='ocrx_word' id='word_1_292' title='bbox 646 4208 837 4274; x_wconf 79' lang='lat' dir='ltr'><strong>Utique</strong></span> <span class='ocrx_word' id='word_1_293' title='bbox 860 4209 925 4260; x_wconf 89' lang='lat' dir='ltr'><strong>de</strong></span> <span class='ocrx_word' id='word_1_294' title='bbox 946 4205 1243 4272; x_wconf 81' lang='lat' dir='ltr'><strong>stipendiis,</strong></span> <span class='ocrx_word' id='word_1_295' title='bbox 1257 4213 1314 4257; x_wconf 86' lang='lat' dir='ltr'><strong>et</strong></span> <span class='ocrx_word' id='word_1_296' title='bbox 1334 4207 1486 4258; x_wconf 83' lang='lat' dir='ltr'><strong>meri-</strong></span> 
     </span>
    </p>
   </div>
   <div class='ocr_carea' id='block_1_5' title="bbox 2423 364 2626 427">
    <p class='ocr_par' dir='ltr' id='par_1_5' title="bbox 2423 364 2626 427">
     <span class='ocr_line' id='line_1_52' title="bbox 2423 364 2626 427; baseline 0.005 -1"><span class='ocrx_word' id='word_1_297' title='bbox 2423 396 2440 409; x_wconf 89' lang='lat'><strong>·</strong></span> <span class='ocrx_word' id='word_1_298' title='bbox 2454 364 2626 427; x_wconf 79' lang='lat'>1423</span> 
     </span>
    </p>
   </div>
   <div class='ocr_carea' id='block_1_6' title="bbox 1559 516 2628 1491">
    <p class='ocr_par' dir='ltr' id='par_1_6' title="bbox 1559 516 2628 1491">
     <span class='ocr_line' id='line_1_53' title="bbox 1574 516 2624 581; baseline 0.002 -15"><span class='ocrx_word' id='word_1_299' title='bbox 1574 517 1662 579; x_wconf 87' lang='lat' dir='ltr'><strong>tis,</strong></span> <span class='ocrx_word' id='word_1_300' title='bbox 1681 523 1772 567; x_wconf 89' lang='lat' dir='ltr'><strong>aut</strong></span> <span class='ocrx_word' id='word_1_301' title='bbox 1797 517 1950 567; x_wconf 84' lang='lat' dir='ltr'><strong>rebus</strong></span> <span class='ocrx_word' id='word_1_302' title='bbox 1980 517 2138 580; x_wconf 73' lang='lat' dir='ltr'><strong>gestis</strong></span> <span class='ocrx_word' id='word_1_303' title='bbox 2175 531 2276 567; x_wconf 87' lang='lat' dir='ltr'><strong>non</strong></span> <span class='ocrx_word' id='word_1_304' title='bbox 2313 516 2500 581; x_wconf 73' lang='lat' dir='ltr'><strong>agitur,</strong></span> <span class='ocrx_word' id='word_1_305' title='bbox 2535 520 2624 568; x_wconf 87' lang='lat' dir='ltr'><strong>sed</strong></span> 
     </span>
     <span class='ocr_line' id='line_1_54' title="bbox 1572 592 2626 657; baseline 0.001 -15"><span class='ocrx_word' id='word_1_306' title='bbox 1572 592 1640 642; x_wconf 88' lang='lat' dir='ltr'><strong>de</strong></span> <span class='ocrx_word' id='word_1_307' title='bbox 1663 600 1839 650; x_wconf 67' lang='lat' dir='ltr'><strong>aetate,</strong></span> <span class='ocrx_word' id='word_1_308' title='bbox 1862 608 1975 657; x_wconf 76' lang='lat' dir='ltr'><strong>quse</strong></span> <span class='ocrx_word' id='word_1_309' title='bbox 1993 593 2088 641; x_wconf 85' lang='lat' dir='ltr'><strong>sub</strong></span> <span class='ocrx_word' id='word_1_310' title='bbox 2121 594 2364 656; x_wconf 85' lang='lat' dir='ltr'><strong>Phiiippo</strong></span> <span class='ocrx_word' id='word_1_311' title='bbox 2402 600 2626 643; x_wconf 87' lang='lat' dir='ltr'><strong>matura·</strong></span> 
     </span>
     <span class='ocr_line' id='line_1_55' title="bbox 1573 669 2625 733; baseline 0 -15"><span class='ocrx_word' id='word_1_312' title='bbox 1573 675 1648 731; x_wconf 86' lang='lat' dir='ltr'><strong>ta,</strong></span> <span class='ocrx_word' id='word_1_313' title='bbox 1671 669 1818 718; x_wconf 79' lang='lat' dir='ltr'><strong>bisin</strong></span> <span class='ocrx_word' id='word_1_314' title='bbox 1843 670 2026 718; x_wconf 82' lang='lat' dir='ltr'><strong>castris</strong></span> <span class='ocrx_word' id='word_1_315' title='bbox 2051 678 2298 731; x_wconf 79' lang='lat' dir='ltr'><strong>provecta</strong></span> <span class='ocrx_word' id='word_1_316' title='bbox 2319 680 2448 733; x_wconf 87' lang='lat' dir='ltr'><strong>erat,</strong></span> <span class='ocrx_word' id='word_1_317' title='bbox 2463 679 2518 719; x_wconf 85' lang='lat' dir='ltr'><strong>et</strong></span> <span class='ocrx_word' id='word_1_318' title='bbox 2539 670 2625 733; x_wconf 87' lang='lat' dir='ltr'><strong>qni</strong></span> 
     </span>
     <span class='ocr_line' id='line_1_56' title="bbox 1570 743 2626 807; baseline 0.002 -14"><span class='ocrx_word' id='word_1_319' title='bbox 1570 745 1624 795; x_wconf 83' lang='lat' dir='ltr'><strong>in</strong></span> <span class='ocrx_word' id='word_1_320' title='bbox 1649 745 1753 793; x_wconf 74' lang='lat' dir='ltr'><strong>inis</strong></span> <span class='ocrx_word' id='word_1_321' title='bbox 1771 743 2080 794; x_wconf 78' lang='lat' dir='ltr'><strong>effluxerant</strong></span> <span class='ocrx_word' id='word_1_322' title='bbox 2103 746 2242 807; x_wconf 87' lang='lat' dir='ltr'><strong>anni,</strong></span> <span class='ocrx_word' id='word_1_323' title='bbox 2277 752 2418 795; x_wconf 86' lang='lat' dir='ltr'><strong>certe</strong></span> <span class='ocrx_word' id='word_1_324' title='bbox 2455 746 2626 795; x_wconf 87' lang='lat' dir='ltr'><strong>militi-</strong></span> 
     </span>
     <span class='ocr_line' id='line_1_57' title="bbox 1570 820 2626 883; baseline 0.001 -14"><span class='ocrx_word' id='word_1_325' title='bbox 1570 821 1666 870; x_wconf 89' lang='lat' dir='ltr'><strong>bus</strong></span> <span class='ocrx_word' id='word_1_326' title='bbox 1689 820 1974 869; x_wconf 77' lang='lat' dir='ltr'><strong>Alexandri</strong></span> <span class='ocrx_word' id='word_1_327' title='bbox 2013 820 2500 883; x_wconf 68' lang='lat' dir='ltr'><strong>annumerabuntur,</strong></span> <span class='ocrx_word' id='word_1_328' title='bbox 2541 836 2626 870; x_wconf 82' lang='lat' dir='ltr'><strong>eo-</strong></span> 
     </span>
     <span class='ocr_line' id='line_1_58' title="bbox 1571 898 2627 960; baseline 0.002 -15"><span class='ocrx_word' id='word_1_329' title='bbox 1571 909 1788 960; x_wconf 79' lang='lat' dir='ltr'><strong>rumque</strong></span> <span class='ocrx_word' id='word_1_330' title='bbox 1829 902 2038 946; x_wconf 73' lang='lat' dir='ltr'><strong>oetatem</strong></span> <span class='ocrx_word' id='word_1_331' title='bbox 2099 898 2475 960; x_wconf 72' lang='lat' dir='ltr'><strong>aggravabant.</strong></span> <span class='ocrx_word' id='word_1_332' title='bbox 2553 898 2627 947; x_wconf 86' lang='lat' dir='ltr'><strong>Et</strong></span> 
     </span>
     <span class='ocr_line' id='line_1_59' title="bbox 1568 962 2626 1036; baseline 0.001 -15"><span class='ocrx_word' id='word_1_333' title='bbox 1568 971 1692 1036; x_wconf 86' lang='lat' dir='ltr'><strong>quid</strong></span> <span class='ocrx_word' id='word_1_334' title='bbox 1711 973 1762 1021; x_wconf 86' lang='lat' dir='ltr'><strong>ni</strong></span> <span class='ocrx_word' id='word_1_335' title='bbox 1779 972 1966 1022; x_wconf 83' lang='lat' dir='ltr'><strong>milites</strong></span> <span class='ocrx_word' id='word_1_336' title='bbox 1987 988 2236 1022; x_wconf 86' lang='lat' dir='ltr'><strong>annorum</strong></span> <span class='ocrx_word' id='word_1_337' title='bbox 2254 962 2626 1036; x_wconf 70' lang='lat' dir='ltr'><strong>quinquaginta</strong></span> 
     </span>
     <span class='ocr_line' id='line_1_60' title="bbox 1570 1047 2628 1113; baseline -0.001 -15"><span class='ocrx_word' id='word_1_338' title='bbox 1570 1049 1938 1113; x_wconf 71' lang='lat' dir='ltr'><strong>conscripserit</strong></span> <span class='ocrx_word' id='word_1_339' title='bbox 1953 1048 2267 1109; x_wconf 76' lang='lat' dir='ltr'><strong>Alexander,</strong></span> <span class='ocrx_word' id='word_1_340' title='bbox 2279 1052 2294 1077; x_wconf 92' lang='lat'>‘</span> <span class='ocrx_word' id='word_1_341' title='bbox 2309 1047 2504 1113; x_wconf 51' lang='lat' dir='ltr'><strong>quum(</strong></span> <span class='ocrx_word' id='word_1_342' title='bbox 2522 1056 2628 1099; x_wconf 85' lang='lat' dir='ltr'><strong>tes·</strong></span> 
     </span>
     <span class='ocr_line' id='line_1_61' title="bbox 1569 1126 2625 1189; baseline 0 -14"><span class='ocrx_word' id='word_1_343' title='bbox 1569 1131 1624 1175; x_wconf 76' lang='lat' dir='ltr'><strong>te</strong></span> <span class='ocrx_word' id='word_1_344' title='bbox 1641 1126 1853 1178; x_wconf 83' lang='lat' dir='ltr'><strong>Justiuo</strong></span> <span class='ocrx_word' id='word_1_345' title='bbox 1876 1140 1956 1176; x_wconf 87' lang='grc' dir='ltr'><strong>ιι.</strong></span> <span class='ocrx_word' id='word_1_346' title='bbox 1971 1131 2020 1175; x_wconf 79' lang='grc'><strong>6.</strong></span> <span class='ocrx_word' id='word_1_347' title='bbox 2043 1130 2093 1176; x_wconf 71' lang='lat'><strong>8.</strong></span> <span class='ocrx_word' id='word_1_348' title='bbox 2127 1126 2222 1176; x_wconf 83' lang='lat' dir='ltr'><strong>‘ad</strong></span> <span class='ocrx_word' id='word_1_349' title='bbox 2245 1132 2346 1175; x_wconf 85' lang='lat' dir='ltr'><strong>tam</strong></span> <span class='ocrx_word' id='word_1_350' title='bbox 2370 1126 2625 1189; x_wconf 83' lang='lat' dir='ltr'><strong>periculo·</strong></span> 
     </span>
     <span class='ocr_line' id='line_1_62' title="bbox 1568 1201 2624 1265; baseline -0.002 -14"><span class='ocrx_word' id='word_1_351' title='bbox 1568 1216 1680 1251; x_wconf 82' lang='lat' dir='ltr'><strong>sum</strong></span> <span class='ocrx_word' id='word_1_352' title='bbox 1716 1202 1904 1252; x_wconf 80' lang='lat' dir='ltr'><strong>bellum</strong></span> <span class='ocrx_word' id='word_1_353' title='bbox 1941 1202 2224 1265; x_wconf 55' lang='lat' dir='ltr'><strong>caercitutn</strong></span> <span class='ocrx_word' id='word_1_354' title='bbox 2257 1201 2480 1263; x_wconf 74' lang='lat' dir='ltr'><strong>legeret,</strong></span> <span class='ocrx_word' id='word_1_355' title='bbox 2513 1204 2624 1249; x_wconf 86' lang='lat' dir='ltr'><strong>‘nou</strong></span> 
     </span>
     <span class='ocr_line' id='line_1_63' title="bbox 1559 1275 2622 1340; baseline 0 -15"><span class='ocrx_word' id='word_1_356' title='bbox 1559 1276 1788 1340; x_wconf 81' lang='lat' dir='ltr'><strong>juvenes</strong></span> <span class='ocrx_word' id='word_1_357' title='bbox 1811 1278 2066 1340; x_wconf 88' lang='lat' dir='ltr'><strong>robustos,</strong></span> <span class='ocrx_word' id='word_1_358' title='bbox 2084 1292 2181 1326; x_wconf 88' lang='lat' dir='ltr'><strong>nec</strong></span> <span class='ocrx_word' id='word_1_359' title='bbox 2203 1278 2420 1340; x_wconf 77' lang='lat' dir='ltr'><strong>primurn</strong></span> <span class='ocrx_word' id='word_1_360' title='bbox 2441 1275 2622 1327; x_wconf 82' lang='lat' dir='ltr'><strong>florem</strong></span> 
     </span>
     <span class='ocr_line' id='line_1_64' title="bbox 1568 1351 2622 1415; baseline -0.002 -14"><span class='ocrx_word' id='word_1_361' title='bbox 1568 1354 1772 1413; x_wconf 57' lang='lat' dir='ltr'><strong>‘tutin</strong></span> <span class='ocrx_word' id='word_1_362' title='bbox 1805 1353 1898 1403; x_wconf 86' lang='lat' dir='ltr'><strong>sed</strong></span> <span class='ocrx_word' id='word_1_363' title='bbox 1920 1360 2204 1413; x_wconf 79' lang='lat' dir='ltr'><strong>veteranos,</strong></span> <span class='ocrx_word' id='word_1_364' title='bbox 2227 1352 2504 1415; x_wconf 84' lang='lat' dir='ltr'><strong>plerosque</strong></span> <span class='ocrx_word' id='word_1_365' title='bbox 2525 1351 2622 1399; x_wconf 89' lang='lat' dir='ltr'><strong>eti·</strong></span> 
     </span>
     <span class='ocr_line' id='line_1_65' title="bbox 1568 1428 2623 1491; baseline -0.002 -14"><span class='ocrx_word' id='word_1_366' title='bbox 1568 1442 1650 1477; x_wconf 80' lang='lat' dir='ltr'><strong>am</strong></span> <span class='ocrx_word' id='word_1_367' title='bbox 1683 1428 1914 1478; x_wconf 77' lang='lat' dir='ltr'><strong>emeritoe</strong></span> <span class='ocrx_word' id='word_1_368' title='bbox 1946 1428 2166 1484; x_wconf 65' lang='lat' dir='ltr'><strong>militiae,</strong></span> <span class='ocrx_word' id='word_1_369' title='bbox 2199 1428 2286 1491; x_wconf 84' lang='lat' dir='ltr'><strong>qui</strong></span> <span class='ocrx_word' id='word_1_370' title='bbox 2325 1440 2440 1475; x_wconf 77' lang='lat' dir='ltr'><strong>cuin</strong></span> <span class='ocrx_word' id='word_1_371' title='bbox 2477 1433 2623 1489; x_wconf 83' lang='lat' dir='ltr'><strong>patre</strong></span> 
     </span>
    </p>
   </div>
   <div class='ocr_carea' id='block_1_7' title="bbox 1536 1502 2716 1646">
    <p class='ocr_par' dir='ltr' id='par_1_7' title="bbox 1536 1502 2716 1646">
     <span class='ocr_line' id='line_1_66' title="bbox 1570 1502 2716 1575; baseline -0.003 -23"><span class='ocrx_word' id='word_1_372' title='bbox 1570 1505 1872 1566; x_wconf 81' lang='lat' dir='ltr'><strong>patruisque</strong></span> <span class='ocrx_word' id='word_1_373' title='bbox 1887 1504 2251 1565; x_wconf 85' lang='lat' dir='ltr'><strong>militaverant,</strong></span> <span class='ocrx_word' id='word_1_374' title='bbox 2263 1502 2505 1564; x_wconf 73' lang='lat' dir='ltr'><strong>elegit,ut</strong></span> <span class='ocrx_word' id='word_1_375' title='bbox 2521 1516 2622 1550; x_wconf 88' lang='lat' dir='ltr'><strong>non</strong></span> <span class='ocrx_word' id='word_1_376' title='bbox 2707 1568 2716 1575; x_wconf 43' lang='grc'><strong>-</strong></span> 
     </span>
     <span class='ocr_line' id='line_1_67' title="bbox 1536 1578 2624 1646; baseline -0.003 -17"><span class='ocrx_word' id='word_1_377' title='bbox 1536 1586 1680 1629; x_wconf 85' lang='lat' dir='ltr'><strong>&#39;tam</strong></span> <span class='ocrx_word' id='word_1_378' title='bbox 1733 1581 1942 1645; x_wconf 82' lang='lat' dir='ltr'><strong>milites,</strong></span> <span class='ocrx_word' id='word_1_379' title='bbox 1983 1596 2134 1646; x_wconf 84' lang='lat' dir='ltr'><strong>quarn</strong></span> <span class='ocrx_word' id='word_1_380' title='bbox 2175 1580 2447 1643; x_wconf 82' lang='lat' dir='ltr'><strong>magistros</strong></span> <span class='ocrx_word' id='word_1_381' title='bbox 2493 1578 2624 1627; x_wconf 78' lang='lat' dir='ltr'><strong>suili-</strong></span> 
     </span>
    </p>
   </div>
   <div class='ocr_carea' id='block_1_8' title="bbox 1558 1655 2625 3294">
    <p class='ocr_par' dir='ltr' id='par_1_8' title="bbox 1558 1655 2625 3294">
     <span class='ocr_line' id='line_1_68' title="bbox 1570 1655 2624 1719; baseline -0.004 -14"><span class='ocrx_word' id='word_1_382' title='bbox 1570 1656 1658 1705; x_wconf 76' lang='lat' dir='ltr'><strong>tioe</strong></span> <span class='ocrx_word' id='word_1_383' title='bbox 1682 1657 1876 1705; x_wconf 82' lang='lat' dir='ltr'><strong>clectos</strong></span> <span class='ocrx_word' id='word_1_384' title='bbox 1899 1664 2127 1719; x_wconf 76' lang='lat' dir='ltr'><strong>putares.</strong></span> <span class='ocrx_word' id='word_1_385' title='bbox 2178 1655 2404 1705; x_wconf 87' lang='lat' dir='ltr'><strong>Ordines</strong></span> <span class='ocrx_word' id='word_1_386' title='bbox 2421 1666 2624 1717; x_wconf 83' lang='lat' dir='ltr'><strong>quoque</strong></span> 
     </span>
     <span class='ocr_line' id='line_1_69' title="bbox 1566 1726 2625 1793; baseline -0.004 -15"><span class='ocrx_word' id='word_1_387' title='bbox 1566 1743 1718 1779; x_wconf 86' lang='lat' dir='ltr'><strong>nemo</strong></span> <span class='ocrx_word' id='word_1_388' title='bbox 1739 1730 1838 1779; x_wconf 89' lang='lat' dir='ltr'><strong>nisi</strong></span> <span class='ocrx_word' id='word_1_389' title='bbox 1869 1730 2236 1793; x_wconf 68' lang='lat' dir='ltr'><strong>sexagenarius</strong></span> <span class='ocrx_word' id='word_1_390' title='bbox 2273 1726 2456 1779; x_wconf 82' lang='lat' dir='ltr'><strong>duxit.&#39;</strong></span> <span class='ocrx_word' id='word_1_391' title='bbox 2520 1727 2625 1776; x_wconf 83' lang='lat' dir='ltr'><strong>Mi·</strong></span> 
     </span>
     <span class='ocr_line' id='line_1_70' title="bbox 1568 1803 2624 1869; baseline 0.001 -16"><span class='ocrx_word' id='word_1_392' title='bbox 1568 1818 1750 1854; x_wconf 87' lang='lat' dir='ltr'><strong>rumne</strong></span> <span class='ocrx_word' id='word_1_393' title='bbox 1783 1818 1909 1869; x_wconf 79' lang='lat' dir='ltr'><strong>ergo</strong></span> <span class='ocrx_word' id='word_1_394' title='bbox 1941 1807 2033 1855; x_wconf 78' lang='lat' dir='ltr'><strong>hos</strong></span> <span class='ocrx_word' id='word_1_395' title='bbox 2065 1820 2168 1855; x_wconf 87' lang='lat' dir='ltr'><strong>non</strong></span> <span class='ocrx_word' id='word_1_396' title='bbox 2199 1804 2490 1868; x_wconf 78' lang='lat' dir='ltr'><strong>longissimo</strong></span> <span class='ocrx_word' id='word_1_397' title='bbox 2523 1803 2624 1854; x_wconf 82' lang='lat' dir='ltr'><strong>boc</strong></span> 
     </span>
     <span class='ocr_line' id='line_1_71' title="bbox 1566 1879 2622 1942; baseline -0.003 -13"><span class='ocrx_word' id='word_1_398' title='bbox 1566 1880 1725 1941; x_wconf 87' lang='lat' dir='ltr'><strong>bello,</strong></span> <span class='ocrx_word' id='word_1_399' title='bbox 1757 1880 1846 1928; x_wconf 89' lang='lat' dir='ltr'><strong>sed</strong></span> <span class='ocrx_word' id='word_1_400' title='bbox 1883 1879 2137 1942; x_wconf 83' lang='lat' dir='ltr'><strong>prioribus</strong></span> <span class='ocrx_word' id='word_1_401' title='bbox 2179 1880 2358 1940; x_wconf 87' lang='lat' dir='ltr'><strong>etiam,</strong></span> <span class='ocrx_word' id='word_1_402' title='bbox 2394 1886 2450 1928; x_wconf 89' lang='lat' dir='ltr'><strong>et</strong></span> <span class='ocrx_word' id='word_1_403' title='bbox 2489 1892 2622 1927; x_wconf 89' lang='lat' dir='ltr'><strong>nuuc</strong></span> 
     </span>
     <span class='ocr_line' id='line_1_72' title="bbox 1564 1952 2621 2016; baseline -0.002 -13"><span class='ocrx_word' id='word_1_404' title='bbox 1564 1952 1999 2014; x_wconf 77' lang='lat' dir='ltr'><strong>festinationibus,</strong></span> <span class='ocrx_word' id='word_1_405' title='bbox 2015 1954 2298 2015; x_wconf 72' lang='lat' dir='ltr'><strong>laboribus,</strong></span> <span class='ocrx_word' id='word_1_406' title='bbox 2309 1954 2500 2016; x_wconf 83' lang='lat' dir='ltr'><strong>proeliis</strong></span> <span class='ocrx_word' id='word_1_407' title='bbox 2525 1966 2621 2016; x_wconf 85' lang='lat' dir='ltr'><strong>per</strong></span> 
     </span>
     <span class='ocr_line' id='line_1_73' title="bbox 1566 2030 2625 2095; baseline 0.002 -16"><span class='ocrx_word' id='word_1_408' title='bbox 1566 2031 1834 2080; x_wconf 77' lang='lat' dir='ltr'><strong>obstantes</strong></span> <span class='ocrx_word' id='word_1_409' title='bbox 1879 2038 2078 2081; x_wconf 71' lang='lat' dir='ltr'><strong>naturoe</strong></span> <span class='ocrx_word' id='word_1_410' title='bbox 2121 2030 2458 2082; x_wconf 79' lang='lat' dir='ltr'><strong>difficultates</strong></span> <span class='ocrx_word' id='word_1_411' title='bbox 2505 2046 2625 2095; x_wconf 78' lang='lat' dir='ltr'><strong>pro·</strong></span> 
     </span>
     <span class='ocr_line' id='line_1_74' title="bbox 1567 2106 2619 2171; baseline 0.003 -17"><span class='ocrx_word' id='word_1_412' title='bbox 1567 2113 1764 2155; x_wconf 84' lang='lat' dir='ltr'><strong>tractos</strong></span> <span class='ocrx_word' id='word_1_413' title='bbox 1783 2106 1887 2155; x_wconf 88' lang='lat' dir='ltr'><strong>diei</strong></span> <span class='ocrx_word' id='word_1_414' title='bbox 1905 2110 1922 2135; x_wconf 91' lang='lat'>‘</span> <span class='ocrx_word' id='word_1_415' title='bbox 1945 2121 2096 2155; x_wconf 85' lang='lat' dir='ltr'><strong>senes</strong></span> <span class='ocrx_word' id='word_1_416' title='bbox 2119 2106 2325 2164; x_wconf 58' lang='lat' dir='ltr'><strong>factos!</strong></span> <span class='ocrx_word' id='word_1_417' title='bbox 2360 2108 2448 2171; x_wconf 91' lang='lat' dir='ltr'><strong>qni</strong></span> <span class='ocrx_word' id='word_1_418' title='bbox 2476 2114 2619 2157; x_wconf 83' lang='lat' dir='ltr'><strong>vete-</strong></span> 
     </span>
     <span class='ocr_line' id='line_1_75' title="bbox 1570 2182 2621 2232; baseline 0.002 -3"><span class='ocrx_word' id='word_1_419' title='bbox 1570 2182 1679 2229; x_wconf 87' lang='lat' dir='ltr'><strong>rani</strong></span> <span class='ocrx_word' id='word_1_420' title='bbox 1713 2182 1940 2231; x_wconf 76' lang='lat' dir='ltr'><strong>emeritae</strong></span> <span class='ocrx_word' id='word_1_421' title='bbox 1973 2182 2171 2231; x_wconf 65' lang='lat' dir='ltr'><strong>militie</strong></span> <span class='ocrx_word' id='word_1_422' title='bbox 2195 2182 2262 2230; x_wconf 87' lang='lat' dir='ltr'><strong>ad</strong></span> <span class='ocrx_word' id='word_1_423' title='bbox 2294 2183 2391 2231; x_wconf 88' lang='lat' dir='ltr'><strong>hoc</strong></span> <span class='ocrx_word' id='word_1_424' title='bbox 2431 2182 2621 2232; x_wconf 82' lang='lat' dir='ltr'><strong>bellum</strong></span> 
     </span>
     <span class='ocr_line' id='line_1_76' title="bbox 1566 2257 2624 2307; baseline 0.001 -2"><span class='ocrx_word' id='word_1_425' title='bbox 1566 2263 1717 2306; x_wconf 86' lang='lat' dir='ltr'><strong>eraut</strong></span> <span class='ocrx_word' id='word_1_426' title='bbox 1734 2258 1974 2307; x_wconf 82' lang='lat' dir='ltr'><strong>evocati?</strong></span> <span class='ocrx_word' id='word_1_427' title='bbox 2005 2258 2163 2307; x_wconf 87' lang='lat' dir='ltr'><strong>Certe</strong></span> <span class='ocrx_word' id='word_1_428' title='bbox 2185 2271 2286 2307; x_wconf 87' lang='lat' dir='ltr'><strong>non</strong></span> <span class='ocrx_word' id='word_1_429' title='bbox 2310 2257 2440 2307; x_wconf 88' lang='lat' dir='ltr'><strong>dicit</strong></span> <span class='ocrx_word' id='word_1_430' title='bbox 2463 2257 2624 2307; x_wconf 84' lang='lat' dir='ltr'><strong>Alex·</strong></span> 
     </span>
     <span class='ocr_line' id='line_1_77' title="bbox 1567 2330 2620 2383; baseline 0.005 -5"><span class='ocrx_word' id='word_1_431' title='bbox 1567 2330 1728 2381; x_wconf 83' lang='lat' dir='ltr'><strong>ander</strong></span> <span class='ocrx_word' id='word_1_432' title='bbox 1766 2334 1869 2381; x_wconf 84' lang='lat' dir='ltr'><strong>suis</strong></span> <span class='ocrx_word' id='word_1_433' title='bbox 1907 2333 1960 2381; x_wconf 86' lang='lat' dir='ltr'><strong>ln</strong></span> <span class='ocrx_word' id='word_1_434' title='bbox 1983 2334 2169 2382; x_wconf 88' lang='lat' dir='ltr'><strong>castris</strong></span> <span class='ocrx_word' id='word_1_435' title='bbox 2193 2346 2307 2381; x_wconf 88' lang='lat' dir='ltr'><strong>esse</strong></span> <span class='ocrx_word' id='word_1_436' title='bbox 2331 2346 2481 2382; x_wconf 84' lang='lat' dir='ltr'><strong>senes</strong></span> <span class='ocrx_word' id='word_1_437' title='bbox 2514 2330 2620 2383; x_wconf 82' lang='lat' dir='ltr'><strong>fac·</strong></span> 
     </span>
     <span class='ocr_line' id='line_1_78' title="bbox 1568 2406 2622 2472; baseline 0.003 -19"><span class='ocrx_word' id='word_1_438' title='bbox 1568 2412 1670 2466; x_wconf 83' lang='lat' dir='ltr'><strong>tos,</strong></span> <span class='ocrx_word' id='word_1_439' title='bbox 1700 2406 1786 2454; x_wconf 84' lang='lat' dir='ltr'><strong>sed</strong></span> <span class='ocrx_word' id='word_1_440' title='bbox 1832 2408 2106 2472; x_wconf 75' lang='lat' dir='ltr'><strong>longinqua</strong></span> <span class='ocrx_word' id='word_1_441' title='bbox 2147 2409 2200 2457; x_wconf 87' lang='lat' dir='ltr'><strong>in</strong></span> <span class='ocrx_word' id='word_1_442' title='bbox 2233 2408 2425 2458; x_wconf 85' lang='lat' dir='ltr'><strong>castris</strong></span> <span class='ocrx_word' id='word_1_443' title='bbox 2459 2420 2622 2469; x_wconf 83' lang='lat' dir='ltr'><strong>mora,</strong></span> 
     </span>
     <span class='ocr_line' id='line_1_79' title="bbox 1568 2481 2620 2548; baseline 0.004 -18"><span class='ocrx_word' id='word_1_444' title='bbox 1568 2481 1726 2530; x_wconf 86' lang='lat' dir='ltr'><strong>etiam</strong></span> <span class='ocrx_word' id='word_1_445' title='bbox 1751 2483 1846 2530; x_wconf 88' lang='lat' dir='ltr'><strong>sub</strong></span> <span class='ocrx_word' id='word_1_446' title='bbox 1870 2493 2021 2544; x_wconf 84' lang='lat' dir='ltr'><strong>patre</strong></span> <span class='ocrx_word' id='word_1_447' title='bbox 2043 2485 2366 2548; x_wconf 79' lang='lat' dir='ltr'><strong>patruisqne,</strong></span> <span class='ocrx_word' id='word_1_448' title='bbox 2385 2485 2620 2548; x_wconf 83' lang='lat' dir='ltr'><strong>adeoque</strong></span> 
     </span>
     <span class='ocr_line' id='line_1_80' title="bbox 1566 2556 2621 2622; baseline 0.002 -18"><span class='ocrx_word' id='word_1_449' title='bbox 1566 2556 1694 2619; x_wconf 83' lang='lat' dir='ltr'><strong>ipsis</strong></span> <span class='ocrx_word' id='word_1_450' title='bbox 1719 2564 1930 2606; x_wconf 64' lang='lat' dir='ltr'><strong>aetatem</strong></span> <span class='ocrx_word' id='word_1_451' title='bbox 1955 2557 2258 2619; x_wconf 77' lang='lat' dir='ltr'><strong>imputabat.</strong></span> <span class='ocrx_word' id='word_1_452' title='bbox 2309 2557 2462 2608; x_wconf 86' lang='lat' dir='ltr'><strong>Adde</strong></span> <span class='ocrx_word' id='word_1_453' title='bbox 2483 2559 2621 2622; x_wconf 90' lang='lat' dir='ltr'><strong>quod</strong></span> 
     </span>
     <span class='ocr_line' id='line_1_81' title="bbox 1566 2631 2621 2693; baseline 0 -13"><span class='ocrx_word' id='word_1_454' title='bbox 1566 2633 1634 2681; x_wconf 88' lang='lat' dir='ltr'><strong>ob</strong></span> <span class='ocrx_word' id='word_1_455' title='bbox 1655 2631 1956 2680; x_wconf 73' lang='lat' dir='ltr'><strong>debilitates</strong></span> <span class='ocrx_word' id='word_1_456' title='bbox 1982 2633 2138 2693; x_wconf 86' lang='lat' dir='ltr'><strong>vires,</strong></span> <span class='ocrx_word' id='word_1_457' title='bbox 2171 2640 2226 2680; x_wconf 86' lang='lat' dir='ltr'><strong>et</strong></span> <span class='ocrx_word' id='word_1_458' title='bbox 2264 2631 2420 2680; x_wconf 88' lang='lat' dir='ltr'><strong>toties</strong></span> <span class='ocrx_word' id='word_1_459' title='bbox 2449 2631 2621 2680; x_wconf 88' lang='lat' dir='ltr'><strong>decla-</strong></span> 
     </span>
     <span class='ocr_line' id='line_1_82' title="bbox 1566 2705 2620 2770; baseline 0.003 -16"><span class='ocrx_word' id='word_1_460' title='bbox 1566 2715 1732 2755; x_wconf 86' lang='lat' dir='ltr'><strong>ratum</strong></span> <span class='ocrx_word' id='word_1_461' title='bbox 1761 2707 1969 2756; x_wconf 74' lang='lat' dir='ltr'><strong>taedium</strong></span> <span class='ocrx_word' id='word_1_462' title='bbox 1989 2721 2137 2762; x_wconf 72' lang='lat' dir='ltr'><strong>mes,</strong></span> <span class='ocrx_word' id='word_1_463' title='bbox 2154 2705 2205 2755; x_wconf 87' lang='lat' dir='ltr'><strong>id</strong></span> <span class='ocrx_word' id='word_1_464' title='bbox 2229 2713 2330 2769; x_wconf 88' lang='lat' dir='ltr'><strong>est,</strong></span> <span class='ocrx_word' id='word_1_465' title='bbox 2346 2719 2530 2770; x_wconf 71' lang='lat' dir='ltr'><strong>segnes</strong></span> <span class='ocrx_word' id='word_1_466' title='bbox 2553 2707 2620 2757; x_wconf 87' lang='lat' dir='ltr'><strong>ad</strong></span> 
     </span>
     <span class='ocr_line' id='line_1_83' title="bbox 1566 2781 2622 2843; baseline 0 -13"><span class='ocrx_word' id='word_1_467' title='bbox 1566 2782 1842 2832; x_wconf 84' lang='lat' dir='ltr'><strong>ulteriores</strong></span> <span class='ocrx_word' id='word_1_468' title='bbox 1880 2795 2079 2843; x_wconf 85' lang='lat' dir='ltr'><strong>cursus,</strong></span> <span class='ocrx_word' id='word_1_469' title='bbox 2111 2790 2164 2830; x_wconf 86' lang='lat' dir='ltr'><strong>et</strong></span> <span class='ocrx_word' id='word_1_470' title='bbox 2189 2781 2426 2832; x_wconf 82' lang='lat' dir='ltr'><strong>exhausti</strong></span> <span class='ocrx_word' id='word_1_471' title='bbox 2449 2797 2510 2830; x_wconf 86' lang='lat' dir='ltr'><strong>ac</strong></span> <span class='ocrx_word' id='word_1_472' title='bbox 2532 2783 2622 2830; x_wconf 89' lang='lat' dir='ltr'><strong>de-</strong></span> 
     </span>
     <span class='ocr_line' id='line_1_84' title="bbox 1564 2855 2620 2908; baseline 0.003 -3"><span class='ocrx_word' id='word_1_473' title='bbox 1564 2855 1698 2907; x_wconf 79' lang='lat' dir='ltr'><strong>fecti</strong></span> <span class='ocrx_word' id='word_1_474' title='bbox 1715 2858 1909 2907; x_wconf 84' lang='lat' dir='ltr'><strong>viribus</strong></span> <span class='ocrx_word' id='word_1_475' title='bbox 1931 2857 2173 2906; x_wconf 87' lang='lat' dir='ltr'><strong>dicautur</strong></span> <span class='ocrx_word' id='word_1_476' title='bbox 2193 2871 2366 2907; x_wconf 84' lang='lat' dir='ltr'><strong>senes:</strong></span> <span class='ocrx_word' id='word_1_477' title='bbox 2405 2870 2522 2906; x_wconf 86' lang='lat' dir='ltr'><strong>nam</strong></span> <span class='ocrx_word' id='word_1_478' title='bbox 2543 2859 2620 2908; x_wconf 87' lang='lat' dir='ltr'><strong>sic</strong></span> 
     </span>
     <span class='ocr_line' id='line_1_85' title="bbox 1562 2931 2618 2983; baseline 0.003 -3"><span class='ocrx_word' id='word_1_479' title='bbox 1562 2933 1881 2982; x_wconf 83' lang='lat' dir='ltr'><strong>notissimum</strong></span> <span class='ocrx_word' id='word_1_480' title='bbox 1907 2931 2032 2980; x_wconf 87' lang='lat' dir='ltr'><strong>illud</strong></span> <span class='ocrx_word' id='word_1_481' title='bbox 2054 2933 2286 2982; x_wconf 84' lang='lat' dir='ltr'><strong>Terentii</strong></span> <span class='ocrx_word' id='word_1_482' title='bbox 2315 2932 2523 2983; x_wconf 82' lang='lat' dir='ltr'><strong>Phorm.</strong></span> <span class='ocrx_word' id='word_1_483' title='bbox 2563 2943 2618 2983; x_wconf 76' lang='lat' dir='ltr'><strong>v·</strong></span> 
     </span>
     <span class='ocr_line' id='line_1_86' title="bbox 1558 3007 2615 3058; baseline 0.002 -2"><span class='ocrx_word' id='word_1_484' title='bbox 1558 3013 1607 3056; x_wconf 84' lang='grc'><strong>8.</strong></span> <span class='ocrx_word' id='word_1_485' title='bbox 1630 3013 1712 3057; x_wconf 82' lang='lat'><strong>21.</strong></span> <span class='ocrx_word' id='word_1_486' title='bbox 1745 3009 1760 3035; x_wconf 88' lang='lat'>‘</span> <span class='ocrx_word' id='word_1_487' title='bbox 1781 3009 1867 3056; x_wconf 75' lang='lat' dir='ltr'><strong>ulii</strong></span> <span class='ocrx_word' id='word_1_488' title='bbox 1913 3007 1978 3056; x_wconf 84' lang='lat' dir='ltr'><strong>ad</strong></span> <span class='ocrx_word' id='word_1_489' title='bbox 2019 3022 2209 3058; x_wconf 87' lang='lat' dir='ltr'><strong>uxores</strong></span> <span class='ocrx_word' id='word_1_490' title='bbox 2244 3008 2466 3058; x_wconf 85' lang='lat' dir='ltr'><strong>redeunt</strong></span> <span class='ocrx_word' id='word_1_491' title='bbox 2509 3016 2615 3058; x_wconf 81' lang='lat' dir='ltr'><strong>ttun</strong></span> 
     </span>
     <span class='ocr_line' id='line_1_87' title="bbox 1560 3081 2619 3147; baseline 0.002 -17"><span class='ocrx_word' id='word_1_492' title='bbox 1560 3081 1694 3132; x_wconf 80' lang='lat' dir='ltr'><strong>fiunt</strong></span> <span class='ocrx_word' id='word_1_493' title='bbox 1714 3081 1900 3131; x_wconf 63' lang='lat' dir='ltr'><strong>senes!</strong></span> <span class='ocrx_word' id='word_1_494' title='bbox 1961 3083 2052 3132; x_wconf 76' lang='lat' dir='ltr'><strong>Sic</strong></span> <span class='ocrx_word' id='word_1_495' title='bbox 2067 3085 2145 3133; x_wconf 84' lang='lat' dir='ltr'><strong>bis</strong></span> <span class='ocrx_word' id='word_1_496' title='bbox 2160 3083 2434 3132; x_wconf 84' lang='lat' dir='ltr'><strong>continuus</strong></span> <span class='ocrx_word' id='word_1_497' title='bbox 2457 3084 2619 3147; x_wconf 86' lang='lat' dir='ltr'><strong>labor,</strong></span> 
     </span>
     <span class='ocr_line' id='line_1_88' title="bbox 1560 3159 2616 3222; baseline 0.001 -16"><span class='ocrx_word' id='word_1_498' title='bbox 1560 3164 1616 3206; x_wconf 90' lang='lat' dir='ltr'><strong>et</strong></span> <span class='ocrx_word' id='word_1_499' title='bbox 1641 3159 1850 3206; x_wconf 61' lang='lat' dir='ltr'><strong>tedium</strong></span> <span class='ocrx_word' id='word_1_500' title='bbox 1869 3159 2016 3222; x_wconf 85' lang='lat' dir='ltr'><strong>quasi</strong></span> <span class='ocrx_word' id='word_1_501' title='bbox 2037 3159 2232 3208; x_wconf 74' lang='lat' dir='ltr'><strong>senium</strong></span> <span class='ocrx_word' id='word_1_502' title='bbox 2251 3165 2305 3208; x_wconf 88' lang='lat' dir='ltr'><strong>et</strong></span> <span class='ocrx_word' id='word_1_503' title='bbox 2321 3160 2616 3208; x_wconf 81' lang='lat' dir='ltr'><strong>imminutas</strong></span> 
     </span>
     <span class='ocr_line' id='line_1_89' title="bbox 1561 3232 2618 3294; baseline 0.001 -15"><span class='ocrx_word' id='word_1_504' title='bbox 1561 3233 1698 3282; x_wconf 81' lang='lat' dir='ltr'><strong>vires</strong></span> <span class='ocrx_word' id='word_1_505' title='bbox 1721 3233 1840 3280; x_wconf 90' lang='lat' dir='ltr'><strong>iude</strong></span> <span class='ocrx_word' id='word_1_506' title='bbox 1861 3233 2200 3282; x_wconf 82' lang='lat' dir='ltr'><strong>adduxerant.</strong></span> <span class='ocrx_word' id='word_1_507' title='bbox 2266 3232 2378 3281; x_wconf 87' lang='lat' dir='ltr'><strong>Cic.</strong></span> <span class='ocrx_word' id='word_1_508' title='bbox 2400 3246 2494 3294; x_wconf 80' lang='lat' dir='ltr'><strong>pro</strong></span> <span class='ocrx_word' id='word_1_509' title='bbox 2515 3232 2618 3280; x_wconf 79' lang='lat' dir='ltr'><strong>Mi-</strong></span> 
     </span>
    </p>
   </div>
   <div class='ocr_carea' id='block_1_9' title="bbox 1558 3305 2620 4271">
    <p class='ocr_par' dir='ltr' id='par_1_9' title="bbox 1560 3305 2620 3804">
     <span class='ocr_line' id='line_1_90' title="bbox 1560 3305 2618 3355; baseline 0.001 -1"><span class='ocrx_word' id='word_1_510' title='bbox 1560 3307 1679 3355; x_wconf 82' lang='lat' dir='ltr'><strong>lone</strong></span> <span class='ocrx_word' id='word_1_511' title='bbox 1691 3323 1706 3354; x_wconf 86' lang='lat'>:</span> <span class='ocrx_word' id='word_1_512' title='bbox 1723 3309 1740 3336; x_wconf 79' lang='lat'><strong>⁴</strong></span> <span class='ocrx_word' id='word_1_513' title='bbox 1758 3315 1865 3355; x_wconf 85' lang='lat' dir='ltr'><strong>tota</strong></span> <span class='ocrx_word' id='word_1_514' title='bbox 1885 3306 2070 3355; x_wconf 79' lang='lat' dir='ltr'><strong>civitas</strong></span> <span class='ocrx_word' id='word_1_515' title='bbox 2083 3305 2326 3355; x_wconf 81' lang='lat' dir='ltr'><strong>confecta</strong></span> <span class='ocrx_word' id='word_1_516' title='bbox 2344 3314 2426 3353; x_wconf 84' lang='lat' dir='ltr'><strong>est</strong></span> <span class='ocrx_word' id='word_1_517' title='bbox 2439 3305 2618 3355; x_wconf 66' lang='lat' dir='ltr'><strong>senio!</strong></span> 
     </span>
     <span class='ocr_line' id='line_1_91' title="bbox 1563 3377 2617 3436; baseline 0 -10"><span class='ocrx_word' id='word_1_518' title='bbox 1563 3379 1633 3426; x_wconf 85' lang='lat' dir='ltr'><strong>Et</strong></span> <span class='ocrx_word' id='word_1_519' title='bbox 1655 3379 1730 3425; x_wconf 87' lang='lat' dir='ltr'><strong>sic</strong></span> <span class='ocrx_word' id='word_1_520' title='bbox 1751 3381 1766 3406; x_wconf 84' lang='lat'>⁸</span> <span class='ocrx_word' id='word_1_521' title='bbox 1787 3377 2020 3436; x_wconf 83' lang='lat' dir='ltr'><strong>senium,’</strong></span> <span class='ocrx_word' id='word_1_522' title='bbox 2037 3385 2096 3424; x_wconf 93' lang='lat' dir='ltr'><strong>et</strong></span> <span class='ocrx_word' id='word_1_523' title='bbox 2117 3383 2132 3406; x_wconf 79' lang='lat'>⁸</span> <span class='ocrx_word' id='word_1_524' title='bbox 2149 3377 2479 3424; x_wconf 85' lang='lat' dir='ltr'><strong>senescendi&#39;</strong></span> <span class='ocrx_word' id='word_1_525' title='bbox 2503 3391 2617 3426; x_wconf 79' lang='lat' dir='ltr'><strong>ver-</strong></span> 
     </span>
     <span class='ocr_line' id='line_1_92' title="bbox 1563 3450 2620 3516; baseline -0.001 -15"><span class='ocrx_word' id='word_1_526' title='bbox 1563 3451 1686 3502; x_wconf 85' lang='lat' dir='ltr'><strong>bum</strong></span> <span class='ocrx_word' id='word_1_527' title='bbox 1717 3467 1812 3515; x_wconf 78' lang='lat' dir='ltr'><strong>pro</strong></span> <span class='ocrx_word' id='word_1_528' title='bbox 1845 3451 2204 3500; x_wconf 85' lang='lat' dir='ltr'><strong>molestissimo</strong></span> <span class='ocrx_word' id='word_1_529' title='bbox 2235 3450 2394 3500; x_wconf 72' lang='lat' dir='ltr'><strong>toedio</strong></span> <span class='ocrx_word' id='word_1_530' title='bbox 2428 3465 2620 3516; x_wconf 76' lang='lat' dir='ltr'><strong>rerum,</strong></span> 
     </span>
     <span class='ocr_line' id='line_1_93' title="bbox 1560 3525 2618 3590; baseline 0.001 -14"><span class='ocrx_word' id='word_1_531' title='bbox 1560 3535 1620 3577; x_wconf 86' lang='lat' dir='ltr'><strong>et</strong></span> <span class='ocrx_word' id='word_1_532' title='bbox 1639 3532 1797 3578; x_wconf 76' lang='lat' dir='ltr'><strong>aetate</strong></span> <span class='ocrx_word' id='word_1_533' title='bbox 1820 3528 1970 3577; x_wconf 86' lang='lat' dir='ltr'><strong>simul</strong></span> <span class='ocrx_word' id='word_1_534' title='bbox 1994 3525 2242 3576; x_wconf 82' lang='lat' dir='ltr'><strong>adhibent</strong></span> <span class='ocrx_word' id='word_1_535' title='bbox 2277 3527 2446 3576; x_wconf 83' lang='lat' dir='ltr'><strong>Latini</strong></span> <span class='ocrx_word' id='word_1_536' title='bbox 2483 3529 2618 3590; x_wconf 82' lang='lat' dir='ltr'><strong>opti·</strong></span> 
     </span>
     <span class='ocr_line' id='line_1_94' title="bbox 1560 3602 2614 3668; baseline 0.001 -15"><span class='ocrx_word' id='word_1_537' title='bbox 1560 3606 1661 3653; x_wconf 75' lang='lat' dir='ltr'><strong>nii:</strong></span> <span class='ocrx_word' id='word_1_538' title='bbox 1697 3603 1762 3653; x_wconf 85' lang='lat' dir='ltr'><strong>de</strong></span> <span class='ocrx_word' id='word_1_539' title='bbox 1783 3617 1884 3668; x_wconf 85' lang='lat' dir='ltr'><strong>quo</strong></span> <span class='ocrx_word' id='word_1_540' title='bbox 1917 3609 2110 3666; x_wconf 69' lang='lat' dir='ltr'><strong>praeter</strong></span> <span class='ocrx_word' id='word_1_541' title='bbox 2143 3602 2369 3651; x_wconf 83' lang='lat' dir='ltr'><strong>Nonium</strong></span> <span class='ocrx_word' id='word_1_542' title='bbox 2402 3605 2614 3654; x_wconf 86' lang='lat' dir='ltr'><strong>consule</strong></span> 
     </span>
     <span class='ocr_line' id='line_1_95' title="bbox 1560 3678 2615 3730; baseline 0.004 -4"><span class='ocrx_word' id='word_1_543' title='bbox 1560 3678 1881 3729; x_wconf 83' lang='lat' dir='ltr'><strong>doctissimos</strong></span> <span class='ocrx_word' id='word_1_544' title='bbox 1917 3685 2347 3728; x_wconf 80' lang='lat' dir='ltr'><strong>commentatores</strong></span> <span class='ocrx_word' id='word_1_545' title='bbox 2385 3679 2452 3728; x_wconf 81' lang='lat' dir='ltr'><strong>ad</strong></span> <span class='ocrx_word' id='word_1_546' title='bbox 2497 3680 2615 3730; x_wconf 81' lang='lat' dir='ltr'><strong>Flo-</strong></span> 
     </span>
     <span class='ocr_line' id='line_1_96' title="bbox 1560 3754 2038 3804; baseline 0.002 -1"><span class='ocrx_word' id='word_1_547' title='bbox 1560 3769 1674 3803; x_wconf 86' lang='lat' dir='ltr'><strong>rum</strong></span> <span class='ocrx_word' id='word_1_548' title='bbox 1699 3768 1738 3802; x_wconf 85' lang='lat'><strong>1.</strong></span> <span class='ocrx_word' id='word_1_549' title='bbox 1771 3757 1853 3802; x_wconf 78' lang='lat'><strong>22.</strong></span> <span class='ocrx_word' id='word_1_550' title='bbox 1886 3754 2038 3804; x_wconf 69' lang='lat' dir='ltr'><strong>Surak.</strong></span> 
     </span>
    </p>

    <p class='ocr_par' dir='ltr' id='par_1_10' title="bbox 1558 3828 2612 4271">
     <span class='ocr_line' id='line_1_97' title="bbox 1627 3828 2612 3893; baseline -0.002 -15"><span class='ocrx_word' id='word_1_551' title='bbox 1627 3831 1738 3892; x_wconf 75' lang='lat'><strong>§1⁴</strong></span> <span class='ocrx_word' id='word_1_552' title='bbox 1783 3829 1866 3878; x_wconf 75' lang='lat' dir='ltr'><strong>Aa</strong></span> <span class='ocrx_word' id='word_1_553' title='bbox 1906 3829 2156 3893; x_wconf 75' lang='lat' dir='ltr'><strong>liquidum]</strong></span> <span class='ocrx_word' id='word_1_554' title='bbox 2191 3828 2452 3880; x_wconf 82' lang='lat' dir='ltr'><strong>Convenit</strong></span> <span class='ocrx_word' id='word_1_555' title='bbox 2493 3842 2612 3877; x_wconf 86' lang='lat' dir='ltr'><strong>cum</strong></span> 
     </span>
     <span class='ocr_line' id='line_1_98' title="bbox 1559 3903 2612 3956; baseline -0.001 -3"><span class='ocrx_word' id='word_1_556' title='bbox 1559 3903 1650 3954; x_wconf 87' lang='lat' dir='ltr'><strong>illo</strong></span> <span class='ocrx_word' id='word_1_557' title='bbox 1665 3905 1816 3955; x_wconf 85' lang='lat' dir='ltr'><strong>Tullii</strong></span> <span class='ocrx_word' id='word_1_558' title='bbox 1839 3906 1903 3953; x_wconf 89' lang='lat' dir='ltr'><strong>ad</strong></span> <span class='ocrx_word' id='word_1_559' title='bbox 1921 3906 2035 3956; x_wconf 83' lang='lat' dir='ltr'><strong>Att.</strong></span> <span class='ocrx_word' id='word_1_560' title='bbox 2055 3919 2117 3955; x_wconf 79' lang='grc' dir='ltr'><strong>ιι.</strong></span> <span class='ocrx_word' id='word_1_561' title='bbox 2137 3909 2216 3954; x_wconf 80' lang='grc'><strong>19.</strong></span> <span class='ocrx_word' id='word_1_562' title='bbox 2237 3908 2253 3936; x_wconf 80' lang='lat'>⁸</span> <span class='ocrx_word' id='word_1_563' title='bbox 2274 3905 2390 3954; x_wconf 85' lang='lat' dir='ltr'><strong>Non</strong></span> <span class='ocrx_word' id='word_1_564' title='bbox 2409 3911 2612 3953; x_wconf 85' lang='lat' dir='ltr'><strong>tanturn</strong></span> 
     </span>
     <span class='ocr_line' id='line_1_99' title="bbox 1559 3979 2612 4044; baseline -0.002 -14"><span class='ocrx_word' id='word_1_565' title='bbox 1559 3982 1714 4030; x_wconf 87' lang='lat' dir='ltr'><strong>estin</strong></span> <span class='ocrx_word' id='word_1_566' title='bbox 1734 3995 1809 4040; x_wconf 86' lang='lat' dir='ltr'><strong>re,</strong></span> <span class='ocrx_word' id='word_1_567' title='bbox 1829 3988 2052 4044; x_wconf 86' lang='lat' dir='ltr'><strong>quantus</strong></span> <span class='ocrx_word' id='word_1_568' title='bbox 2076 3995 2242 4030; x_wconf 88' lang='lat' dir='ltr'><strong>sermo</strong></span> <span class='ocrx_word' id='word_1_569' title='bbox 2265 3979 2380 4029; x_wconf 86' lang='lat' dir='ltr'><strong>est.&#39;</strong></span> <span class='ocrx_word' id='word_1_570' title='bbox 2415 3980 2612 4028; x_wconf 81' lang='lat' dir='ltr'><strong>Notum</strong></span> 
     </span>
     <span class='ocr_line' id='line_1_100' title="bbox 1558 4045 2612 4105; baseline -0.001 -1"><span class='ocrx_word' id='word_1_571' title='bbox 1558 4055 1684 4105; x_wconf 84' lang='lat' dir='ltr'><strong>illud</strong></span> <span class='ocrx_word' id='word_1_572' title='bbox 1729 4055 1912 4105; x_wconf 63' lang='lat' dir='ltr'><strong>Poeta</strong></span> <span class='ocrx_word' id='word_1_573' title='bbox 1955 4057 2022 4105; x_wconf 86' lang='lat' dir='ltr'><strong>de</strong></span> <span class='ocrx_word' id='word_1_574' title='bbox 2062 4055 2246 4104; x_wconf 83' lang='lat' dir='ltr'><strong>Fama:</strong></span> <span class='ocrx_word' id='word_1_575' title='bbox 2305 4045 2456 4102; x_wconf 75' lang='lat' dir='ltr'><strong>‘Tam</strong></span> <span class='ocrx_word' id='word_1_576' title='bbox 2501 4052 2612 4103; x_wconf 78' lang='lat' dir='ltr'><strong>fieti</strong></span> 
     </span>
     <span class='ocr_line' id='line_1_101' title="bbox 1560 4128 2609 4195; baseline -0.002 -17"><span class='ocrx_word' id='word_1_577' title='bbox 1560 4131 1810 4195; x_wconf 79' lang='lat' dir='ltr'><strong>pravique</strong></span> <span class='ocrx_word' id='word_1_578' title='bbox 1851 4138 2025 4192; x_wconf 79' lang='lat' dir='ltr'><strong>tenax,</strong></span> <span class='ocrx_word' id='word_1_579' title='bbox 2063 4145 2214 4193; x_wconf 86' lang='lat' dir='ltr'><strong>quam</strong></span> <span class='ocrx_word' id='word_1_580' title='bbox 2251 4128 2436 4178; x_wconf 87' lang='lat' dir='ltr'><strong>nuntia</strong></span> <span class='ocrx_word' id='word_1_581' title='bbox 2467 4128 2609 4176; x_wconf 58' lang='lat' dir='ltr'><strong>veri?</strong></span> 
     </span>
     <span class='ocr_line' id='line_1_102' title="bbox 1560 4203 2609 4271; baseline 0.002 -17"><span class='ocrx_word' id='word_1_582' title='bbox 1560 4205 1698 4256; x_wconf 64' lang='lat' dir='ltr'><strong>Low.</strong></span> <span class='ocrx_word' id='word_1_583' title='bbox 1764 4205 1846 4256; x_wconf 70' lang='lat' dir='ltr'><strong>Aa</strong></span> <span class='ocrx_word' id='word_1_584' title='bbox 1878 4203 2132 4271; x_wconf 69' lang='lat' dir='ltr'><strong>eqddm]</strong></span> <span class='ocrx_word' id='word_1_585' title='bbox 2167 4204 2324 4255; x_wconf 76' lang='lat' dir='ltr'><strong>ovid.</strong></span> <span class='ocrx_word' id='word_1_586' title='bbox 2349 4203 2481 4254; x_wconf 80' lang='lat' dir='ltr'><strong>Met.</strong></span> <span class='ocrx_word' id='word_1_587' title='bbox 2506 4217 2609 4256; x_wconf 83' lang='lat' dir='ltr'><strong>xu.</strong></span> 
     </span>
    </p>
   </div>
  </div>
 </body>
</html>
