3222 4944
835 371 1215 440 ωυρμ-ιη
1264 372 1333 431 Q.
1378 368 1601 421 ovar.
1649 370 1796 420 un.
1846 368 1922 419 x.
1969 372 2132 422 cn.
2173 359 2242 421 4.

2441 356 2610 423 1513

460 522 735 602 bylonem
770 522 1145 592 confluxisse,
1189 523 1435 601 ejusque
1462 522 1784 583 adventum
1812 530 2142 602 expectare.
2226 521 2394 583 Adeo
2421 532 2610 583 totum

452 620 653 677 orbem
678 618 931 677 nominis
958 616 1083 697 ejus
1110 629 1297 677 terror
1325 620 1638 690 invaserat,
1666 628 1732 676 ut
1759 628 1992 677 cunctae
2022 627 2250 697 gentes,
2281 618 2444 677 velut
2471 618 2609 677 dee-

449 712 635 773 tinato
683 712 791 772 sibi
844 712 1014 792 Regi,
1066 712 1464 774 adularentur.
1551 716 1645 774 16.
1691 714 1876 793 Igitur
1907 723 2205 792 tamquam
2253 723 2607 774 conventum

448 808 701 868 universi
726 809 881 868 orbis
910 817 1167 880 aeturus,
1195 809 1557 888 Babylonem
1584 809 1884 889 pervenire
1911 808 2247 868 festinabat.
2335 811 2428 867 17.
2475 808 2610 876 Quo

447 921 579 963 cum
607 904 883 974 venisset,
925 904 1155 981 legatos
1204 924 1409 965 omnes
1453 905 1709 983 benigne
1755 914 2063 984 susceptos
2092 904 2331 963 domum
2372 904 2610 965 remisit.

448 997 661 1059 lisdem
688 1000 806 1059 fere
830 1000 1037 1059 diebus
1066 1000 1395 1061 convivium
1418 1000 1576 1081 apud
1595 999 1944 1060 Thessalum
1964 1000 2251 1061 medicum
2283 1000 2609 1061 institutum

443 1193 605 1256 gloria
646 1200 913 1258 comparat
953 1194 1264 1259 Augustum,
1308 1194 1489 1245 itidem

441 1268 727 1332 longinquis
764 1269 1219 1319 remotissimarum
1260 1270 1489 1333 gentium

438 1342 786 1407 legationibus
808 1346 954 1394 aditi.
1017 1344 1171 1395 Adde
1190 1345 1363 1396 Vitam
1388 1346 1489 1395 Lu·

438 1418 619 1469 devici
661 1420 761 1481 Pii,
796 1434 863 1469 ex
912 1420 1098 1471 Annal.
1122 1420 1333 1484 Pitboei,
1370 1435 1489 1484 pag.

438 1498 553 1545 ⁸66.
578 1495 822 1545 Ceterum
842 1501 899 1546 ut
918 1509 986 1546 ex
1006 1494 1114 1544 istis
1132 1496 1491 1559 legationibus,

348 1566 359 1577 ⁶
390 1560 406 1577 ⁸
439 1575 715 1633 ceteraque
728 1568 1021 1634 frequentia
1036 1570 1357 1634 Babylonem
1378 1578 1488 1621 tum

440 1642 803 1695 confluentium
872 1646 1145 1695 immensas
1212 1660 1337 1710 opes
1391 1646 1487 1697 sibi

441 1720 815 1783 comparaverit
877 1719 1178 1771 Antimenes
1248 1721 1489 1785 Rhodius,

439 1794 576 1856 apud
592 1793 807 1846 Aristot.
820 1796 913 1847 lib.
936 1808 1000 1846 ιι.
1036 1794 1349 1857 οἰκονομιῶν
1369 1810 1486 1861 per-

438 1871 682 1933 seriptum
704 1871 878 1923 babes.
910 1872 1061 1923 Idm.

507 1949 575 1997 Ut
596 1953 775 1998 cancta
792 1950 986 2013 gentes]
1037 1947 1171 1999 Hae
1194 1964 1397 2014 quoque
1420 1962 1485 1999 ex

436 2023 470 2074 J
476 2023 639 2072 ustino
660 2023 726 2072 ad
750 2023 959 2073 verbnm
978 2023 1267 2088 desumpta.
1332 2026 1487 2075 Exei-

440 2098 653 2161 piuntur
708 2106 875 2148 tamen
930 2098 1167 2163 Romani,
1210 2101 1485 2151 multorum

439 2172 674 2222 vindieiis
690 2188 707 2221 t
734 2174 911 2237 utique
936 2188 1057 2224 vero
1072 2174 1295 2238 Arabes,
1313 2188 1487 2238 quam-

441 2262 591 2310 quam
624 2247 799 2311 vieini,
818 2260 945 2311 qnos
978 2247 1099 2299 ideo
1120 2248 1257 2299 bello
1270 2250 1484 2313 aggredi

437 2322 803 2381 meditabatur,
832 2324 849 2352 ⁴
868 2322 1004 2386 quod
1037 2322 1131 2372 soli
1162 2336 1229 2372 ex
1250 2324 1483 2374 omnibus

436 2398 677 2459 gentibus
704 2398 902 2461 legatos
936 2397 1001 2447 ad
1040 2412 1155 2446 eum
1190 2411 1293 2447 non
1322 2398 1487 2449 misis-

436 2472 651 2534 sent,’ut
668 2474 823 2523 tradit
834 2472 1021 2523 Strabo
1031 2472 1122 2524 lib.
1138 2487 1261 2524 κη.
1272 2482 1389 2538 post
1402 2489 1481 2539 pr.

436 2555 487 2598 et
506 2549 557 2596 in
567 2547 689 2604 fine,
712 2562 827 2598 eum
848 2547 1069 2598 Arriano
1086 2554 1307 2600 wne-6.
1329 2551 1481 2601 Ideas.

501 2627 529 2688 §
556 2629 615 2674 17
648 2625 853 2687 lagatos
872 2624 1049 2687 ome]
1094 2626 1235 2679 Quos
1270 2641 1371 2691 qno
1399 2641 1481 2677 or·

434 2698 555 2748 dine
578 2697 851 2761 audiverit,
872 2705 1081 2748 enarrat
1099 2699 1318 2749 Diodor.
1342 2714 1485 2753 xvu.

436 2777 547 2824 na.
578 2774 860 2824 Atheumus
882 2787 987 2823 ιιι.
1007 2779 1057 2825 9.
1081 2775 1245 2826 tradit
1268 2777 1283 2805 ⁸
1298 2776 1350 2825 in
1370 2778 1486 2826 bor·

432 2850 501 2900 tis
516 2850 617 2914 ipsi
628 2855 881 2901 statutum
891 2849 1051 2901 fuisse
1060 2865 1269 2902 aureum
1285 2853 1487 2914 solium,

433 2931 489 2974 et
508 2926 675 2974 leetos
697 2925 957 2988 argenteis
980 2924 1141 2976 fultos
1168 2926 1405 2990 pedibus,
1428 2928 1481 2977 in

432 2998 618 3062 quibus
639 2999 827 3050 sedens
850 3014 965 3050 cum
996 3000 1175 3051 amieis
1214 3003 1481 3066 legationi-

431 3075 526 3124 bus
566 3089 814 3142 responsa
852 3075 1044 3127 dabat.'
1107 3077 1287 3128 Simile
1322 3077 1479 3142 qnod-

430 3149 549 3200 dam
584 3151 649 3200 de
692 3151 873 3200 ordine
904 3151 1150 3201 audiendi
1192 3152 1259 3201 de
1292 3151 1483 3203 carolo

432 3226 627 3289 Magno
642 3225 830 3274 Silvius
849 3239 917 3275 ex
933 3226 1137 3275 Blando
1154 3240 1215 3277 11.
1233 3232 1283 3276 1.
1316 3234 1330 3256 ⁸
1349 3229 1482 3278 Con·

431 3306 643 3348 ventum
663 3300 715 3348 in
737 3299 1061 3363 Aquisgrauo
1082 3300 1273 3356 babuit,
1304 3301 1357 3350 in
1374 3314 1481 3365 quo

429 3382 552 3424 ante
582 3387 759 3424 omnes
781 3373 1079 3423 monachum
1102 3372 1321 3437 audivit,
1342 3375 1429 3439 qui
1448 3388 1481 3424 a

428 3451 901 3514 Hierosolymorum
945 3449 1233 3512 patriarcba
1274 3463 1478 3500 munus-

427 3529 545 3578 eula
566 3525 803 3592 quodam
837 3523 1113 3575 attulerat:
1148 3523 1335 3574 deinde
1364 3524 1475 3575 Ad·

428 3602 543 3652 zani
596 3599 868 3652 Hostemis
921 3599 1281 3663 Hispaniarum
1333 3600 1475 3652 urbis

430 3675 669 3739 praefecti
688 3675 941 3736 nantium,
962 3675 1073 3739 qui,
1096 3675 1257 3738 ipsam
1280 3675 1477 3726 dedens

431 3750 631 3811 urbem,
654 3749 955 3814 profectum
988 3754 1047 3798 et
1073 3749 1349 3801 Saracenos
1370 3763 1476 3800 om·

430 3838 523 3874 nes
564 3825 703 3874 illam
746 3823 1098 3876 inhabitantes
1141 3823 1477 3878 Christianam

430 3899 585 3950 fidem
610 3899 873 3963 accepisse
910 3895 1243 3946 renuntiavit.
1303 3897 1477 3948 Tertio

426 3975 542 4024 loeo
564 3973 837 4022 Danielem
856 3969 1131 4022 Michaelis
1144 3971 1332 4021 Sicilia}
1348 3986 1477 4036 prm·

428 4048 560 4099 fecti
584 4047 847 4111 legatum,'
867 4051 968 4099 dte.
998 4045 1149 4096 Iden.

494 4121 797 4184 ΰοιιοὸοίιηιι]
858 4121 1155 4172 Alexander
1208 4119 1479 4184 Babylone

428 4197 603 4250 sedem
626 4197 831 4262 imperii
847 4197 1099 4248 collocare
1110 4195 1479 4262 destinaverat,

1559 1195 1576 1223 ‘
1594 1193 1774 1245 videns
1787 1210 1899 1245 earn
1919 1203 1974 1245 et
1997 1194 2370 1259 magnitudine,
2382 1201 2436 1246 et
2455 1196 2612 1246 rebus

1558 1271 1750 1321 ceteris
1785 1273 2040 1321 excellere
2057 1271 2091 1334 ς’
2133 1278 2192 1322 ut
2213 1272 2286 1321 ait
2307 1271 2496 1322 Strabo
2517 1271 2611 1323 lib.

1558 1356 1652 1394 xv.
1719 1345 1800 1394 Ibi
1841 1360 1966 1410 ergo
2001 1347 2121 1395 dum
2153 1354 2312 1403 esset,
2336 1348 2487 1396 variis
2519 1348 2611 1397 ob-

1558 1418 1882 1468 lectamentis
1906 1420 2126 1469 animum
2161 1433 2414 1483 recreare,
2433 1434 2612 1485 opum-

1558 1506 1660 1556 que
1673 1494 2069 1556 magnitudinem
2081 1501 2280 1543 ostenta
2288 1510 2342 1544 re
2358 1501 2614 1557 eoeperat.

1557 1567 1827 1618 Proetereo
1845 1574 1860 1598 ⁶
1883 1569 2120 1618 thronum
2158 1568 2404 1631 aureum:
2443 1568 2609 1619 varie-

1558 1656 1658 1708 que
1680 1650 1992 1707 gemmatum
2013 1640 2414 1709 effigiatumqne,
2429 1643 2482 1693 in
2504 1656 2609 1709 quo

1558 1720 1574 1745 ⁸
1594 1716 1772 1768 titulus
1815 1732 2033 1783 sequens
2067 1727 2124 1768 et
2156 1717 2378 1780 Grecis,
2403 1724 2459 1767 et
2492 1719 2610 1782 (ne-

1556 1792 1679 1857 quid
1704 1793 1768 1842 ad
1793 1792 1945 1842 iidem
1969 1791 2199 1856 deesset)
2221 1792 2416 1843 Latinis
2441 1792 2608 1843 literis

1556 1869 1786 1933 sculptus
1807 1869 2089 1919 inboerebat
2105 1886 2124 1927 ε,
2152 1872 2167 1897 ⁴
2187 1869 2348 1920 Ortus
2365 1877 2422 1919 et
2439 1868 2608 1921 Oeca-

1554 1959 1660 2010 sus,
1693 1944 1885 2009 Aquilo
1918 1946 2040 1995 mibi
2073 1944 2236 1995 servit
2268 1951 2324 1994 et
2361 1945 2608 2006 Austerz'

1557 2034 1708 2083 quem
1741 2036 1809 2070 ex
1839 2021 2048 2071 historia
2078 2018 2315 2071 fabulosa
2337 2019 2608 2072 fabricavit

1556 2095 1732 2147 Guido
1753 2096 2085 2147 Biturieensis
2107 2096 2160 2145 in
2188 2095 2322 2145 libro
2345 2097 2607 2162 exemplo·

1556 2184 1702 2220 rum:
1752 2185 1904 2222 versu
1937 2172 2140 2223 seilicet
2172 2170 2346 2222 efficto
2377 2173 2441 2223 ad
2471 2187 2608 2236 eum,

1553 2245 1644 2309 qui
1692 2246 1746 2294 in
1791 2246 1952 2296 Siculi
1996 2247 2129 2311 regis
2174 2246 2390 2296 Roberti
2435 2247 2606 2311 gladio

1552 2319 1860 2382 legebatur-z
1913 2322 1928 2350 ⁸
1951 2321 2147 2386 Apulus
2173 2328 2228 2371 et
2258 2322 2496 2386 Calaber,
2527 2323 2609 2372 si-

1553 2396 1700 2445 eulus
1732 2396 1855 2445 mibi
1878 2399 2038 2447 servit
2067 2401 2122 2447 et
2153 2396 2320 2447 Afer!
2344 2405 2604 2460 praetereo

1552 2470 1734 2522 itidem
1774 2471 1998 2535 ejusdem
2041 2472 2224 2522 farina
2266 2472 2386 2523 alia.
2461 2471 2602 2524 Illud

1549 2553 1774 2609 constat,
1795 2560 1862 2597 ex
1881 2555 1996 2598 toto
2016 2546 2128 2597 fere
2149 2547 2276 2598 orbe
2296 2547 2424 2597 varii
2446 2561 2604 2611 gene·

1550 2623 1622 2672 ris
1644 2621 1871 2672 artifices
1892 2622 1960 2672 ad
1979 2637 2096 2673 enm
2115 2623 2332 2678 venisse,
2351 2630 2408 2672 et
2429 2623 2605 2686 ingen·

1556 2696 1849 2748 tlamnnera
1858 2695 2215 2760 promeruisse.
2243 2696 2360 2748 Quo
2371 2701 2604 2759 tempore

1555 2776 1611 2821 et
1623 2770 1895 2820 ridiculum
1909 2770 2038 2820 illud
2048 2770 2296 2820 accidisse
2303 2778 2450 2834 puto,
2465 2771 2604 2835 qnod

1552 2845 1814 2896 Maximus
1833 2845 2022 2909 Tyrius
2045 2852 2216 2895 narrat
2236 2847 2460 2896 Dissert.
2481 2857 2602 2898 xxx.

1551 2921 1752 2970 venisse
1773 2920 2091 2984 Babylonem
2114 2921 2294 2971 Ionem
2315 2922 2606 2987 quemdam,

1550 2996 1640 3061 qui
1657 2993 1866 3045 ‘offulas
1885 3010 2070 3059 parvas
2087 2989 2452 3062 rotundaeque,
2475 3012 2603 3063 quas

1550 3072 1603 3121 in
1624 3072 1758 3121 bune
1781 3083 1924 3120 nsum
1947 3069 2168 3133 fecerat,
2187 3079 2293 3122 tam
2315 3079 2460 3122 certo
2489 3073 2604 3124 ictu

1550 3147 1603 3196 in
1641 3159 1938 3196 mueronem
1974 3161 2098 3196 acus
2136 3159 2202 3196 ex
2235 3146 2452 3198 distanti
2485 3149 2602 3198 loeo

1550 3219 1824 3283 dirigebat,
1847 3226 1908 3270 ut
1937 3234 2212 3285 numquam
2243 3220 2312 3270 ab
2345 3222 2454 3271 acie
2485 3222 2599 3285 ejus

1552 3294 1856 3344 aberraret.'
1917 3295 2012 3344 Ait
2046 3295 2247 3344 venisse
2273 3295 2398 3358 πρὸ
2414 3295 2500 3346 τὸν
2515 3295 2599 3357 μί·

1548 3383 1644 3427 γαν
1680 3366 1904 3426 βασιλέα,
1934 3369 2015 3417 Ad
2043 3381 2266 3428 muna·
2295 3383 2472 3430 ntem.
2533 3371 2600 3420 Id

1547 3457 1650 3493 non
1684 3444 1752 3492 de
1789 3441 2064 3492 Persarum
2102 3457 2241 3506 rege,
2261 3443 2354 3493 sed
2375 3444 2600 3496 Alexan-

1547 3517 1666 3574 dro,
1675 3517 2032 3582 accipiendum
2042 3518 2316 3582 apparebit
2325 3531 2392 3569 ex
2404 3519 2598 3572 Quine-

1546 3593 1726 3644 tiliano
1759 3605 1823 3642 n.
1855 3597 1940 3645 2⁰.
1973 3599 2025 3643 6.
2059 3593 2147 3643 nbi
2179 3593 2360 3644 itidem
2395 3595 2463 3646 de
2498 3597 2598 3648 hae

1544 3666 1888 3732 μστωοτιχνίφ
1927 3667 2120 3718 mentio
2152 3667 2388 3721 habetat.
2450 3670 2597 3721 Pm-

1547 3746 1700 3808 cipue
1722 3750 1893 3794 autern
1913 3742 2214 3808 frequenter
2235 3757 2330 3807 per
2361 3759 2449 3796 eos
2481 3745 2598 3798 dies

1546 3820 1846 3870 convivatus
1897 3826 2000 3881 est,
2055 3825 2070 3846 ⁸
2101 3825 2310 3870 eentum
2361 3819 2598 3886 quotidie

1544 3896 1710 3948 minas
1741 3892 2081 3958 impendens}
2113 3900 2172 3943 ut
2193 3894 2330 3958 apud
2351 3893 2597 3946 Athenae-

1548 3984 1632 4020 um
1663 3983 1741 4023 tv.
1770 3974 1851 4019 1⁰.
1883 3967 2153 4033 Ephippus
2181 3968 2379 4018 scribit.
2442 3968 2598 4019 Adde

1546 4044 1740 4096 Athen.
1781 4056 1891 4094 ιιι.
1925 4047 1974 4094 9.
2017 4057 2138 4107 pag.
2185 4046 2302 4094 637.
2363 4043 2492 4094 Turn
2537 4051 2596 4094 et

1548 4121 1794 4172 instituta
1803 4121 1820 4148 ⁸
1829 4117 2195 4180 melornacbia,’
2208 4116 2346 4182 apud
2359 4116 2594 4168 eumdem

1549 4207 1651 4246 vu.
1685 4197 1733 4248 Ι.
1799 4193 2059 4248 conviviis
2091 4197 2262 4243 autem
2297 4191 2458 4244 otium
2493 4205 2596 4250 non
