3222 4944
625 380 795 449 1374

627 539 836 600 vulgata
851 536 1022 586 lectio.
1037 536 1231 585 Lmea.
1303 535 1671 586 Vitia-runem·

623 611 867 674 mercium]
899 611 1086 661 Melius
1101 612 1220 675 hoc,
1237 626 1384 676 quam
1401 612 1537 676 quod
1563 614 1671 660 vul·

627 702 693 750 go
728 686 915 747 iegitur
955 686 1229 735 ricinorum.
1297 686 1434 734 Piin.
1467 699 1545 735 rx.
1591 688 1674 735 ³⁵.

626 760 920 811 audimus:
943 764 958 789 ‘
979 760 1294 824 Principium
1311 775 1433 823 ergo
1447 762 1673 809 cutmen·

625 851 727 900 que
749 836 970 885 omnium
1006 850 1172 885 rerum
1203 836 1358 898 pretii
1382 836 1673 898 margarita:

628 918 829 961 teuent.
896 912 1105 961 Indicus
1141 912 1362 959 maxime
1391 912 1482 959 has
1513 911 1676 959 mittit

629 984 886 1047 Oceanus,
909 986 1047 1033 inter
1068 986 1180 1037 ilias
1197 986 1393 1035 belluas
1411 987 1542 1035 tales
1563 993 1675 1032 tan-

628 1066 828 1123 tasque,
865 1073 993 1123 quas
1025 1058 1262 1121 diximus,
1297 1072 1388 1122 per
1420 1066 1502 1107 tot
1517 1059 1677 1107 maria

627 1134 914 1195 venientes,
928 1135 1200 1197 tam·longo
1213 1142 1466 1183 terrarum
1483 1140 1678 1188 tractu,

623 1222 659 1257 e
693 1209 849 1257 tantis
869 1209 990 1258 solis
1021 1209 1309 1271 ardoribus,
1343 1215 1500 1273 atque
1532 1208 1678 1256 Indis

625 1298 833 1347 ‚quoque
856 1284 908 1333 in
930 1284 1120 1334 insulas
1145 1290 1410 1347 petuntur,
1433 1291 1488 1331 et
1505 1283 1679 1332 admo·

629 1356 749 1407 dum
791 1371 1000 1420 paucas·
1077 1359 1418 1409 Fertilissima
1460 1366 1543 1407 est
1579 1358 1679 1406 Ta-

627 1432 862 1496 probane
883 1442 939 1483 et
967 1434 1167 1497 Toidis,
1189 1440 1248 1483 ιιι
1269 1434 1489 1483 diximus
1508 1434 1558 1481 in
1581 1432 1678 1482 cir·

628 1508 772 1559 cuitu
795 1508 968 1557 muudi
983 1524 1000 1558 t
1023 1510 1146 1558 item
1162 1508 1424 1558 Perimula
1447 1521 1679 1571 promou-

629 1584 818 1633 toriurn
859 1583 1060 1635 tudine?
1125 1582 1204 1632 Εἰς
1243 1582 1450 1633 Jarrico
1487 1581 1576 1631 lib.
1622 1594 1679 1629 v.

631 1657 802 1720 Epist.
839 1661 922 1707 88.
957 1658 1233 1719 intelliges,
1265 1656 1328 1704 ad
1353 1671 1494 1705 oram
1517 1656 1681 1718 pisca·

629 1732 758 1779 riam
779 1731 944 1779 India
960 1730 1352 1791 margaritarum
1365 1742 1549 1778 caussa
1562 1728 1680 1777 sub·

627 1803 751 1853 iude
805 1818 872 1852 ex
913 1803 1069 1852 variis
1121 1803 1275 1851 terris
1329 1810 1385 1850 et
1439 1802 1681 1864 gentibus

628 1882 810 1929 60000.
831 1886 1173 1927 mercatorum
1191 1873 1471 1926 confluere.
1537 1878 1553 1904 ‘
1573 1876 1677 1925 Sed

631 1960 690 2003 et
731 1958 987 2017 quotquot
1029 1950 1167 2015 apud
1205 1951 1419 2001 Grecos
1464 1950 1582 1999 olim
1626 1958 1681 1999 et

627 2040 768 2085 nunc
811 2026 951 2089 apud
991 2026 1244 2077 Romanos
1285 2024 1498 2073 ditiores
1541 2032 1682 2087 sunt,

631 2102 829 2163 majore
850 2100 1018 2149 adhuc
1041 2100 1214 2150 studio
1239 2104 1418 2149 emunt
1437 2099 1683 2161 margari-

633 2182 738 2225 tam
778 2174 1046 2236 marinam,
1093 2175 1168 2223 ita
1208 2174 1454 2223 Indorum
1508 2173 1682 2235 lingua

633 2248 860 2299 dictam.'
922 2250 1129 2300 Arrian.
1150 2250 1272 2299 Ber.
1292 2248 1410 2299 Iud.
1427 2263 1490 2298 ιι.
1505 2254 1553 2299 8.
1577 2250 1683 2298 Ra·

634 2328 792 2375 dem.
826 2325 1078 2389 Equidem
1101 2339 1198 2388 per
1218 2326 1542 2387 commercia,
1559 2339 1682 2387 geu-

635 2402 762 2453 tium
801 2410 1090 2453 exterarum
1124 2402 1250 2451 vitia
1281 2402 1334 2451 in
1361 2402 1553 2451 viciuos
1577 2415 1683 2451 ser·

633 2491 779 2540 pere,
799 2489 957 2541 supra
978 2478 1044 2527 ad
1069 2491 1192 2528 vm.
1214 2483 1265 2528 8.
1287 2483 1368 2529 1⁵.
1401 2479 1683 2543 attigimus.

635 2553 701 2604 In
725 2552 882 2604 Plinii
904 2553 1074 2602 verbis
1099 2553 1272 2603 obiter
1302 2561 1427 2603 nota
1450 2568 1685 2618 promon-

637 2632 826 2682 torinm
845 2630 970 2680 iilud
996 2631 1159 2680 India
1183 2631 1296 2680 aliis
1309 2630 1464 2680 scribi
1500 2630 1518 2659 ‘
1537 2631 1684 2678 Peri-

635 2705 829 2764 muda.’
863 2713 922 2755 ιιι
951 2706 1150 2755 AEiiauo
1173 2717 1266 2753 xv,
1289 2709 1338 2752 8.
1369 2705 1608 2753 Stuckius
1632 2705 1685 2754 in

635 2781 846 2831 Arriani
889 2780 1154 2840 Periplum
1207 2778 1362 2827 maris
1411 2779 1687 2842 Erythrai,

636 2854 790 2902 hodie
822 2854 1010 2902 Potane
1043 2855 1258 2902 cataldo
1287 2853 1458 2902 vocari
1489 2854 1685 2914 scribit.

637 2928 745 2978 Ubi
757 2927 918 2976 multa
933 2927 1092 2976 etiam
1108 2927 1171 2975 de
1189 2927 1496 2990 margaritis·
1515 2929 1685 2977 Frein-

637 3002 860 3052 shemius.
1670 3023 1675 3032 ·

701 3075 872 3126 Pretio
891 3075 1013 3138 quod
1029 3075 1173 3125 libido
1186 3076 1455 3139 contituit]
1476 3075 1560 3126 Itu
1575 3076 1687 3124 Pli-

637 3149 754 3202 nius
776 3164 856 3201 11.
893 3155 976 3200 85.
1013 3152 1062 3200 in
1085 3151 1215 3201 fine:
1252 3152 1269 3180 ‘
1290 3153 1464 3201 Mater
1485 3153 1689 3202 luxuria

639 3225 931 3289 margaritis
965 3226 1134 3288 pretia
1163 3224 1325 3276 feeit)
1393 3228 1463 3276 Et
1482 3227 1689 3275 Tertul-

638 3301 759 3351 lian.
771 3302 822 3350 iu
837 3301 956 3352 libr.
972 3300 1040 3350 de
1055 3301 1252 3352 Habitu
1267 3301 1508 3351 Muliebr.
1524 3303 1540 3328 ‘
1553 3301 1688 3350 Con-

639 3375 967 3438 cupiscentia
1007 3375 1177 3440 pretia
1217 3376 1370 3426 rebus
1406 3373 1690 3426 inflamma-

640 3450 734 3514 vit,
756 3457 814 3500 ιιι
835 3465 890 3499 se
911 3465 1113 3515 quoque
1147 3449 1524 3502 accenderent!
1571 3449 1692 3500 Loc-

638 3537 743 3574 σειι.
807 3525 1100 3586 Cieopatrse
1132 3526 1249 3572 unio
1279 3538 1372 3574 seu
1410 3526 1691 3585 margarita

641 3603 795 3646 aceto
815 3603 1077 3646 macerata
1097 3603 1154 3644 et
1173 3596 1351 3646 hausta
1369 3601 1578 3646 700000.
1601 3611 1691 3646 au-

641 3685 842 3720 reorum
877 3668 978 3719 fuit
1011 3671 1302 3721 oestimataz
1336 3673 1541 3722 volebat
1563 3673 1691 3722 alte-

642 3765 752 3800 ram
783 3756 934 3800 aceto
965 3747 1229 3812 frangere,
1264 3755 1324 3798 ut
1351 3749 1574 3810 pretium
1597 3749 1693 3798 du·

641 3827 879 3890 piicaret.
965 3821 1164 3873 Plinius
1206 3835 1288 3873 tx.
1329 3827 1410 3872 85.
1459 3823 1691 3873 Rudent&

645 3899 928 3950 Considera
949 3897 1141 3946 Tiberii
1175 3897 1336 3948 verba
1367 3899 1500 3961 apud
1521 3898 1692 3949 Tacit.

645 3987 735 4023 ιιι.
767 3977 847 4022 88.
869 3976 920 4021 o.
953 3973 969 4000 ‘
987 3971 1089 4021 Illa
1109 3969 1310 4024 feminis
1331 3971 1556 4035 propria,
1577 3972 1692 4035 quis

644 4047 871 4112 lapidum
910 4061 1094 4096 caussa
1135 4046 1367 4109 pecunia
1403 4053 1593 4096 nostre
1625 4047 1690 4097 ad

647 4132 890 4174 externas
931 4129 1022 4171 aut
1057 4119 1270 4171 hostiles
1309 4129 1490 4185 gentes
1527 4129 1692 4172 trans·

645 4195 914 4250 feruutur.’
945 4195 1160 4248 Frrfitsh.

1317 394 1529 443 1⁴01·AE
1579 392 1974 445 vammum
2022 392 2101 442 m

1808 538 1921 600 §20
1954 536 2157 597 Ingenio
2178 532 2439 597 amnium]
2472 530 2489 562 ‘
2514 523 2787 583 Ho'tuiuum

1746 624 1949 677 quoque
1993 611 2319 661 diversitates
2362 614 2499 673 suut,
2540 616 2599 657 ιιι
2654 609 2790 657 ioco·

1748 686 1893 747 rum‚'
1942 685 2233 735 Marcellin.
2278 696 2447 733 xxm.
2490 687 2573 734 80.
2658 683 2793 731 Vide

1748 762 1885 811 Flor.
1918 774 2008 811 ιιι.
2048 766 2097 810 2.
2134 764 2185 808 2.
2220 759 2272 809 b.
2352 760 2537 823 Tangit
2569 759 2793 823 aliquam

1748 838 1859 899 ejus
1902 836 1979 885 rei
2022 848 2253 885 caussam
2298 834 2488 884 Justin.
2529 848 2593 883 11.
2635 838 2681 881 1.
2718 838 2797 884 11.

1748 913 1765 940 ‘
1808 911 2057 960 Naturam
2106 909 2171 957 ad
2215 909 2442 957 locorum
2494 907 2796 969 patientiam

1750 986 1989 1035 animalia
2011 996 2213 1048 quoque
2236 981 2545 1047 generasse.’
2598 983 2797 1045 Regre-

1750 1061 1875 1109 dere
1898 1059 1963 1108 ud
1991 1074 2092 1109 vu.
2112 1062 2161 1107 8.
2178 1062 2229 1106 6.
2250 1070 2425 1120 supra.
2464 1063 2481 1085 ‘
2504 1056 2569 1104 Iu
2591 1057 2797 1105 iustitu-

1752 1136 1893 1183 tioue
1926 1142 2101 1184 autem
2134 1132 2340 1195 pueriii,
2359 1144 2459 1180 non
2480 1130 2647 1180 dicam
2670 1130 2796 1178 mul-

1752 1216 1858 1257 tnm
1892 1209 2151 1268 momenti,
2182 1208 2274 1256 sed
2308 1220 2441 1270 pene
2472 1206 2708 1265 dixerim,
2740 1203 2798 1252 τὸ

1750 1284 1871 1333 ὅλον
1886 1284 1963 1333 καὶ
1983 1283 2043 1331 τὸ
2059 1285 2155 1332 πᾶν
2174 1295 2287 1332 esse
2308 1280 2566 1345 positum,'
2580 1278 2797 1329 mirifice

1752 1359 1884 1410 dixit
1902 1359 2123 1410 Casaub.
2145 1372 2225 1421 pr.
2243 1358 2529 1407 Comment.
2552 1355 2617 1404 ad
2635 1354 2798 1403 Theo-

1754 1436 1949 1499 phrasti
1978 1436 2275 1485 character.
2308 1432 2393 1481 cui
2421 1432 2593 1495 potius
2625 1444 2799 1481 usen-

1757 1513 1873 1567 tior‚
1909 1524 2055 1573 qnam
2094 1509 2292 1559 Gentili
2332 1508 2397 1557 de
2436 1508 2611 1569 Legat.
2633 1520 2722 1555 ιιι.
2744 1510 2797 1556 8.

1754 1584 2091 1634 contendenti
2126 1598 2229 1632 uon
2262 1595 2374 1633 eam
2404 1594 2517 1631 esse
2548 1581 2651 1629 vim
2672 1580 2798 1630 edu-

1754 1659 1965 1713 cationi,
1996 1664 2054 1705 ut
2076 1658 2094 1687 ‘
2116 1656 2252 1720 quod
2276 1664 2459 1706 natura
2478 1656 2687 1705 insitum
2706 1662 2803 1718 est,

1753 1734 1898 1781 velut
1918 1732 2126 1794 iugenio
2157 1730 2347 1789 terrae?
2380 1733 2543 1793 possit
2576 1732 2803 1782 vincere.

1752 1808 1863 1856 Pro
1888 1805 2035 1855 nobis
2066 1806 2221 1855 etiam
2252 1804 2515 1855 concludit
2537 1806 2801 1856 Filesucus

1754 1880 1947 1929 Select.
1986 1893 2050 1928 ιι.
2086 1884 2133 1929 1.
2174 1881 2273 1927 etc.
2306 1878 2523 1927 Freinsk.
2586 1878 2804 1941 Ingenia

1753 1951 2071 2015 respondent
2108 1958 2305 2000 naturae
2348 1952 2594 2014 iocorum,
2629 1966 2805 2016 quem·

1754 2026 2024 2076 admodum
2054 2027 2181 2076 mite
2216 2025 2353 2075 Asin
2386 2026 2575 2075 coelum
2606 2028 2803 2077 mollio-

1754 2114 1838 2150 res
1880 2102 2043 2163 giguit
2083 2102 2310 2151 homiues
2354 2108 2410 2151 et
2455 2101 2803 2166 delicatiores,

1754 2175 2051 2238 Septentrio
2086 2176 2323 2227 robustos
2357 2182 2415 2225 et
2446 2176 2705 2240 patientes
2727 2178 2802 2226 la·

1754 2250 1951 2301 borum.
1988 2252 2163 2302 σείων.
2532 2290 2542 2299 .

1822 2328 1850 2389 §
1872 2331 1934 2377 21
1974 2326 2415 2391 Carpum18trabo
2438 2326 2526 2375 lib.
2549 2338 2643 2375 xv·
2676 2327 2694 2355 ‘
2714 2327 2805 2390 Et,

1757 2408 1817 2451 ιιι
1838 2402 1995 2451 verbo
2019 2402 2204 2463 dicam,
2222 2402 2378 2450 Indos
2402 2407 2542 2450 vecte
2565 2399 2805 2462 candida,

1760 2486 1815 2526 et
1854 2478 2167 2535 sindonibus,
2207 2484 2263 2527 et
2296 2477 2518 2526 carbasis
2553 2476 2667 2526 nti.'
2732 2477 2805 2526 Et

1758 2549 1895 2600 idem
1914 2565 2099 2614 supraz
2132 2553 2148 2580 ⁴
2173 2552 2235 2600 Iu
2260 2551 2405 2600 cultu
2430 2551 2665 2614 corporis
2684 2565 2805 2600 cou-

1760 2631 1840 2674 tra
1872 2626 2017 2675 nimii
2046 2632 2195 2676 sunt:
2243 2641 2361 2676 nam
2396 2633 2452 2676 et
2484 2639 2659 2675 aunum
2692 2639 2804 2688 ges-

1760 2706 1892 2762 tant,
1910 2710 1966 2751 et
1982 2702 2231 2753 distincto
2248 2705 2435 2766 lapillis
2450 2712 2633 2754 ornatu
2656 2711 2804 2754 utnu-

1762 2782 1867 2838 tur,
1910 2785 1966 2825 et
2006 2778 2265 2826 sindon-s—
2300 2777 2507 2827 floridus
2548 2779 2807 2829 iuduunt.'

1761 2853 1776 2879 ¹
1801 2850 2081 2900 Carbasus'
2115 2857 2288 2900 antem
2318 2861 2399 2902 est
2421 2854 2731 2904 tenuissimo.
2750 2861 2807 2906 et

1762 2921 2139 2974 delicatissima
2182 2925 2300 2975 telus
2348 2941 2439 2976 seu
2490 2928 2585 2978 lini
2629 2943 2811 2992 genus,

1760 2998 1975 3046 multum
1992 3012 2023 3046 a
2040 2998 2203 3060 poisstis
2221 3000 2558 3051 celebratum.
2602 3005 2807 3053 Ctesias

1762 3072 2039 3123 ditissimos
2064 3074 2167 3126 iino
2192 3076 2297 3138 tegi
2314 3074 2554 3126 affirmat.
2572 3078 2807 3127 Rudente.

1760 3147 1971 3198 Arriuu.
1992 3148 2059 3197 de
2092 3149 2225 3199 Reb.
2256 3150 2374 3199 Iud.
2405 3165 2492 3201 ιιι.
2512 3156 2560 3201 1.
2602 3153 2619 3181 ‘
2646 3152 2810 3203 Linea

1764 3229 1912 3272 veste
1932 3229 2145 3274 utuntur
2166 3225 2305 3286 Indi,
2333 3230 2393 3274 ut
2420 3226 2497 3276 ait
2527 3225 2812 3290 Nearchus,

1762 3297 1869 3346 iiuo
1900 3312 1965 3348 ex
2000 3298 2265 3350 arboribus
2292 3299 2468 3351 facto:
2510 3317 2613 3366 qua
2650 3300 2715 3351 de
2750 3317 2809 3353 re

1764 3375 1885 3423 mibi
1910 3377 2022 3438 jam
2040 3373 2235 3424 dictum
2258 3383 2358 3440 est,
2388 3385 2445 3428 et
2475 3377 2572 3428 hoc
2603 3380 2808 3442 quidem

1765 3448 1925 3497 linum
1948 3455 2039 3498 aut
2067 3450 2273 3512 reliquis
2296 3450 2528 3500 omnibus
2550 3453 2665 3501 linis
2686 3467 2808 3502 cau·

1766 3523 1933 3572 didius
1948 3528 2048 3586 est,
2058 3529 2143 3570 aut
2162 3524 2291 3584 nigri
2309 3523 2411 3586 ipsi
2425 3539 2577 3588 quum
2592 3527 2712 3582 sint,
2730 3525 2811 3576 fa·

1765 3597 1911 3648 ciunt
1932 3603 1991 3646 ut
2012 3597 2283 3647 candidius
2306 3598 2380 3661 id,
2394 3613 2546 3661 quam
2568 3606 2667 3660 est,
2693 3613 2811 3652 essa

1766 3671 2018 3722 videatur.
2100 3671 2197 3721 Est
2218 3683 2387 3722 autem
2411 3672 2537 3736 ipsis
2559 3673 2813 3727 subucula

1766 3747 1904 3796 iinea
1934 3760 2087 3797 crura
2118 3747 2291 3798 medio
2321 3753 2499 3797 ten-sa
2533 3749 2807 3802 amiculum

1768 3828 1941 3871 autem
1968 3821 2150 3886 partim
2180 3823 2419 3888 brimeu-is,
2448 3825 2635 3887 partim
2658 3827 2814 3890 capiti

1768 3896 2189 3960 circumjectum.’
2254 3897 2553 3948 Philostrat.
2572 3899 2626 3948 in
2651 3899 2809 3964 Apol-

1766 3971 1903 4020 lonio
1923 3985 1987 4020 ιι.
2006 3975 2055 4022 0.
2070 3975 2086 4000 ‘
2110 3973 2299 4022 Scribit
2320 3982 2489 4022 autem
2510 3973 2807 4038 Damis,bo-

1768 4048 1949 4112 mines,
1970 4049 2056 4113 qui
2078 4048 2355 4098 secundum
2380 4049 2567 4099 ludum
2596 4049 2807 4100 fluvium

1768 4121 2018 4183 habitant,
2053 4123 2201 4172 lineis
2234 4123 2457 4172 vestibus
2500 4123 2710 4184 amiciri,
2748 4123 2809 4170 ii-

1768 4211 1886 4246 num
1909 4204 2083 4248 autem
2105 4198 2157 4247 iu
2181 4197 2312 4261 agris
2340 4198 2611 4262 piurimum
2632 4198 2809 4247 nasci.’
