3222 4944
1110 428 1191 477 m
1238 430 1305 489 o.
1350 428 1608 478 cua-1⁸11
1665 432 1806 481 mn.
1859 434 1938 481 ιι.
2232 498 2236 502 .
2431 420 2600 487 1571

436 576 513 636 ad
564 594 629 635 se
672 574 730 634 in
760 573 1009 635 vinculis
1037 576 1355 651 foeminam,
1384 590 1806 658 percunctatus
1824 592 1918 641 est
1943 580 2299 655 Alexander,
2327 602 2602 663 quoenam

436 669 642 732 esset?
722 670 813 731 Ea
846 672 1257 749 imperterrita,
1283 674 1642 754 Theagenis,
1663 677 1876 756 inquit,
1904 696 2034 739 sum
2062 697 2246 748 soror,
2275 682 2374 757 qni
2397 683 2605 741 contra

437 766 767 848 Philippum
786 768 1012 829 electus
1032 768 1371 848 imperator,
1388 770 1613 833 sortiter
1629 792 1904 851 pugnans
1925 793 2034 853 pro
2047 774 2300 835 Gracia
2315 775 2602 850 libertate,

436 862 733 923 occubuit.
818 863 1367 941 Magnanimitatem
1418 868 1680 927 mulieris
1731 877 1794 927 et
1843 870 2238 929 constantiam
2281 871 2604 933 admiratus

434 978 559 1028 rex,
588 957 830 1018 liberam
860 978 989 1019 eam
1020 978 1155 1019 cum
1191 960 1326 1020 filiis
1358 960 1601 1022 dimisit.
1685 963 2078 1023 Athenienses
2129 964 2458 1025 Thebarum
2501 986 2606 1027 ca-

438 1073 565 1113 sum
594 1054 843 1115 moleste
864 1064 925 1115 et
952 1074 1085 1115 cum
1116 1074 1347 1118 summa
1372 1058 1882 1119 commiseratione
1909 1059 2186 1133 ferentes,
2209 1060 2450 1139 refugiis
2467 1080 2606 1143 pro-

438 1151 711 1229 fugorum
739 1160 941 1229 portas
968 1160 1177 1209 contra
1205 1150 1359 1229 regis
1387 1152 1644 1213 edictum
1675 1164 2049 1231 aperuerunt.
2136 1155 2330 1223 Quam
2361 1175 2482 1217 rem
2521 1157 2610 1217 ita

436 1245 692 1323 graviter
720 1244 861 1305 tulit
884 1245 1241 1317 Alexander,
1270 1258 1348 1319 ut,
1365 1247 1633 1307 secunda
1660 1248 1978 1326 legatione,
2007 1248 2208 1311 denuo
2243 1236 2468 1311 bellum
2505 1250 2608 1313 de·

434 1342 835 1417 precantibus,
875 1341 961 1399 ita
996 1340 1233 1401 demum
1280 1342 1589 1413 remiserit,
1636 1355 1704 1402 ut
1730 1354 1995 1403 oratores
2033 1353 2092 1405 et
2121 1344 2326 1417 duces,
2354 1364 2610 1425 quorum

436 1434 513 1493 fid
526 1436 658 1497 ucia
680 1435 857 1495 toties
880 1436 1188 1507 rebellent,
1218 1436 1327 1495 sibi
1352 1436 1668 1497 dedantur.
1751 1439 1840 1497 Eo
1867 1448 2064 1499 tamen
2103 1438 2338 1500 demum
2381 1460 2475 1501 res
2517 1453 2612 1503 est

438 1531 721 1602 deducta,
762 1541 831 1590 ut
865 1532 1111 1589 retentis
1153 1532 1501 1601 oratoribus,
1540 1531 1724 1591 duces
1753 1531 1812 1589 in
1843 1532 2081 1592 exilium
2109 1545 2464 1611 agerentur:
2507 1535 2610 1614 qui

436 1625 749 1689 confestim
798 1625 873 1685 ad
929 1626 1171 1685 Darium
1215 1646 1413 1704 regern
1458 1624 1772 1691 Persarum
1807 1626 2054 1703 profecti
2089 1638 2246 1687 sunt.
2329 1629 2612 1689 Ceterum

438 1720 661 1781 coactis
705 1720 766 1777 in
810 1720 1036 1780 Isthmo
1075 1721 1323 1792 Graecis,
1364 1732 1427 1781 et
1450 1720 1884 1799 expeditionem
1911 1720 1974 1779 in
2003 1722 2214 1781 Persas
2242 1721 2612 1785 decernenti-

436 1818 574 1888 bus,
600 1814 940 1875 Alexandro
976 1815 1174 1894 plures
1220 1815 1557 1895 philosophi
1600 1824 1664 1875 et
1709 1826 1972 1875 oratores
2014 1827 2349 1887 occurrunt,
2394 1828 2612 1897 prater

439 1910 767 1989 Diogenem
798 1910 1110 1991 Cynicum,
1139 1913 1238 1990 qui
1266 1920 1389 1971 tum
1420 1911 1762 1979 versabatur
1789 1909 2077 1982 Corinthi,
2104 1920 2166 1969 et
2205 1910 2612 1973 Alexandrum

438 2006 605 2085 parvi
634 2006 879 2077 faciens,
908 2006 969 2064 in
1000 2007 1219 2065 Granio
1246 2006 1589 2066 habitabat:
1623 2006 1868 2064 miratus
1895 2004 2256 2074 Alexander,
2283 2006 2362 2067 ad
2385 2026 2518 2068 eum
2547 2007 2611 2068 in

440 2100 567 2161 sole
616 2100 975 2180 apricantem
1020 2102 1201 2170 venit,
1250 2120 1469 2179 rogans
1512 2108 1529 2135 ‘
1552 2100 1710 2159 reine
1755 2098 2108 2178 cujusquam
2153 2100 2420 2181 indigeat
2441 2102 2489 2162 τ’
2549 2112 2614 2164 at

436 2196 562 2267 ille,
607 2201 624 2229 ⁴
652 2196 736 2253 Ut
758 2194 1041 2274 paulum,’
1068 2196 1279 2274 inquit,
1318 2204 1333 2231 ‘
1358 2215 1395 2255 a
1424 2195 1549 2255 sole
1577 2193 1896 2255 discedas?
1957 2195 2092 2264 Quo
2119 2214 2404 2275 responso
2428 2197 2612 2257 Alex-

440 2290 693 2351 andrum
722 2288 875 2351 adeo
900 2289 1259 2350 delectatum
1286 2290 1503 2361 ferunt,
1530 2299 1599 2349 ut
1617 2289 1700 2348 ad
1726 2307 1866 2348 suos
1895 2308 2213 2351 conversus
2245 2290 2475 2364 dixerit,
2505 2298 2532 2341 ⁴-
2546 2310 2612 2352 se

442 2386 771 2465 Diogenem
814 2402 948 2443 esse
990 2384 1163 2455 velle,
1204 2385 1253 2443 si
1298 2383 1636 2443 Alexander
1677 2402 1796 2443 non
1843 2386 2042 2445 esset!
2125 2386 2328 2447 Rebus
2357 2386 2613 2447 Graecim

440 2483 807 2560 compositis,
836 2481 1194 2540 adventante
1217 2499 1375 2551 vere,
1397 2481 1646 2559 ipsaque
1669 2478 1906 2538 Graecia
1925 2499 2058 2540 cum
2083 2482 2462 2555 Macedonia,
2491 2484 2618 2542 An·

440 2578 679 2656 tipatro,
718 2576 811 2636 cui
858 2594 932 2634 ex
979 2575 1183 2634 amicis
1209 2575 1462 2636 maxime
1490 2573 1732 2643 fidebat,
1773 2573 2122 2644 commissis,
2153 2575 2231 2634 ad
2255 2577 2610 2655 Hellespon-

440 2683 565 2736 tum
593 2690 729 2732 cum
756 2670 1015 2731 exercitu
1048 2671 1367 2750 profectus,
1394 2669 1454 2728 in
1482 2668 1684 2728 Asiam
1705 2667 2034 2727 incredibili
2051 2667 2262 2730 ardore
2281 2671 2494 2730 mentis
2517 2689 2618 2732 ac·

442 2787 681 2838 census,
703 2765 959 2845 trajecit.
1018 2765 1171 2826 Cum
1198 2775 1395 2826 autem
1415 2764 1597 2824 delati
1621 2764 1681 2821 in
1711 2762 2114 2824 continentem
2141 2769 2364 2838 essent,
2391 2766 2614 2845 primus

444 2863 785 2923 Alexander
812 2860 1081 2940 jaculum
1120 2861 1281 2922 velut
1306 2862 1364 2920 in
1390 2860 1668 2920 hostilem
1697 2867 1908 2918 terram
1937 2858 2211 2937 conjecit,
2239 2871 2618 2940 armatusque

446 2956 523 3016 de
550 2957 709 3033 navi,
736 2957 1080 3037 tripudianti
1109 2957 1335 3028 similis,
1363 2953 1656 3034 prosiluit,
1685 2963 1864 3031 atque
1891 2953 1976 3012 ita
2012 2945 2238 3015 hostias
2265 2955 2464 3027 cmdit,
2493 2975 2622 3036 pre·

444 3061 639 3126 catus,
670 3071 745 3112 ne
772 3071 837 3112 se
865 3069 1065 3130 regem
1094 3051 1213 3110 illae
1240 3062 1409 3110 terrae
1438 3051 1636 3110 invitm
1661 3048 1976 3126 accipiant.
2059 3049 2208 3110 Inde
2242 3049 2474 3112 hostem
2517 3071 2622 3131 pe·

446 3159 603 3220 tens,
629 3145 843 3207 milites
874 3165 911 3205 a
947 3145 1329 3224 populatione
1365 3145 1530 3204 Asiae
1560 3143 1880 3222 prohibuit,
1907 3144 2269 3220 parcendum
2297 3146 2420 3205 suis
2447 3147 2620 3206 rebus

448 3241 753 3320 praefatus,
778 3259 889 3298 nec
917 3239 1223 3316 perdenda
1249 3259 1341 3310 ea,
1368 3259 1505 3318 quae
1526 3238 1860 3317 possessuri
1885 3239 2173 3298 venerint.
2260 3239 2330 3297 In
2353 3240 2616 3300 exercitu

449 3335 578 3413 ejus
605 3335 845 3394 fuerunt
872 3351 1109 3391 xxxu.
1132 3332 1315 3391 millia
1335 3333 1622 3410 peditum,
1646 3349 1770 3391 non
1799 3347 1980 3409 supra
2011 3351 2074 3389 ι’.
2107 3331 2296 3390 millia
2337 3334 2622 3411 equitum,
2705 3365 2710 3370 ·

375 3427 382 3434 ’
451 3447 753 3508 navesque
788 3445 1047 3487 cmxxx.
1129 3427 1261 3486 Hac
1290 3437 1409 3486 tam
1436 3445 1620 3506 parva
1645 3445 1824 3486 mann
1851 3424 2190 3484 universum
2217 3435 2499 3484 terrarum
2521 3445 2618 3485 or·

450 3528 609 3598 bem,
636 3534 829 3584 utrum
860 3523 939 3582 sit
964 3521 1381 3594 admirabilius,
1411 3520 1573 3602 quod
1603 3520 1826 3592 vicerit,
1863 3537 1940 3578 an
1968 3519 2128 3598 quod
2165 3518 2410 3599 aggredi
2439 3537 2620 3580 ausus

456 3622 657 3694 suerit,
680 3620 967 3680 incertum
996 3627 1123 3678 est:
1150 3637 1285 3678 cum
1316 3617 1391 3678 ad
1424 3628 1543 3676 tam
1566 3615 1964 3696 periculosum
1990 3614 2209 3674 bellum
2230 3634 2349 3675 non
2369 3616 2622 3696 juvenes

456 3719 751 3787 robustos,
792 3732 905 3774 nec
942 3713 1129 3790 primo
1176 3713 1371 3772 aetatis
1416 3713 1583 3784 flore,
1614 3710 1722 3771 sed
1750 3721 2080 3782 veteranos,
2107 3711 2420 3790 plerosque
2447 3711 2624 3773 etiam

458 3811 717 3871 emeritas
736 3809 981 3878 militioe,
1007 3807 1107 3886 qui
1134 3827 1267 3868 cum
1298 3819 1463 3887 patre
1492 3807 1834 3888 pati-uisque
1861 3805 2276 3878 militaverant,
2303 3805 2481 3883 elegit
2499 3825 2519 3865 2
2555 3815 2626 3866 ut

460 3925 583 3966 non
612 3915 727 3966 tam
752 3905 991 3976 milites,
1004 3921 1182 3982 quam
1204 3903 1427 3964 militie
1449 3902 1786 3982 magistros,
1811 3902 2030 3962 electos
2049 3910 2314 3980 putares.
2367 3898 2624 3960 Ordines

460 4019 697 4082 quoque
719 4019 895 4060 nemo
922 3999 1035 4058 nisi
1065 3999 1485 4076 sexagenarius
1513 3998 1720 4065 duxit:
1761 4005 1830 4056 ut
1869 3997 1922 4056 si
1971 3995 2256 4075 principia
2295 4003 2626 4054 castrorum

462 4114 753 4166 cerneres,
772 4105 1043 4157 senatum
1068 4104 1129 4154 te
1158 4092 1405 4172 alicujus
1432 4093 1648 4172 priscae
1675 4092 1929 4171 Reipnb.
1960 4090 2156 4150 videre
2179 4088 2435 4150 diceres.
2505 4089 2626 4150 lta·-

462 4213 579 4273 que
624 4211 801 4256 nemo
834 4193 895 4255 in
932 4190 1137 4272 proelio
1162 4190 1388 4270 fugam,
1417 4188 1525 4248 sed
1548 4205 1754 4251 omnes
1780 4186 2082 4261 victoriam
2111 4184 2318 4248 animis
2341 4199 2626 4264 concepe-
