3222 4944
612 390 783 462 1336

609 552 742 603 Jove
761 552 962 615 genitos
999 563 1173 601 omnes
1206 550 1358 601 video
1379 550 1666 599 bominibus

609 626 938 677 adulantibus
971 640 1032 677 ac
1065 626 1294 677 ridiculis
1329 627 1438 686 uti;
1469 640 1586 675 nam
1609 632 1666 674 et

611 701 868 751 Hercules
889 702 1208 765 Cercopibns
1246 701 1573 766 quibusdam,
1609 708 1666 751 et

607 776 843 827 Bacchus
887 777 1072 827 Silonis
1117 791 1230 827 sese
1275 776 1573 838 oblectavit,
1609 783 1667 825 et

608 852 742 902 tales
763 853 900 915 apud
925 860 978 903 te
1013 854 1062 901 iu
1095 854 1262 914 pretio
1285 866 1400 901 esse
1425 850 1668 901 manifes-

607 932 718 975 tum
762 926 882 977 est.’
945 928 1015 977 Et
1055 926 1180 977 ibid.
1221 941 1336 990 cap.
1372 932 1456 976 51.
1491 926 1667 977 nescio

606 1015 734 1066 quos
770 1001 984 1065 Agesis·
1023 1002 1289 1064 nominat;
1332 1018 1449 1051 nam
1493 1010 1549 1053 et
1593 1002 1667 1052 ibi

607 1076 855 1127 Nostrum
893 1078 1027 1127 bunc
1059 1078 1289 1127 alludere
1323 1078 1544 1140 videtur,
1577 1078 1669 1143 qui

605 1150 662 1199 in
685 1151 939 1200 nonnullis
961 1152 1130 1201 Curtii
1153 1152 1296 1201 libris
1317 1152 1478 1203 etiam
1497 1151 1670 1213 flag-es

607 1226 863 1276 scribitur.
931 1227 1046 1277 Nisi
1082 1227 1220 1278 forte
1265 1230 1472 1292 propius
1517 1242 1667 1277 acce·

607 1300 702 1351 dat
731 1301 795 1350 ad
829 1302 1056 1353 Nicesiae
1089 1318 1306 1364 uomen3
1339 1318 1458 1353 uam
1492 1310 1548 1352 et
1579 1303 1667 1352 ille

607 1376 747 1427 inter
782 1377 1076 1429 adulatores
1109 1378 1392 1429 Alexandri
1425 1378 1542 1429 fuit.
1596 1378 1667 1428 A·

607 1454 844 1503 theneus
869 1468 947 1504 vr.
971 1458 1053 1503 sl.
1087 1455 1308 1505 steiana.

673 1528 790 1578 Post
813 1529 1090 1591 Charilam]
1125 1532 1208 1579 De
1229 1532 1323 1581 hoc
1347 1530 1486 1579 inter
1507 1530 1667 1593 scrip-

605 1610 743 1655 tores
781 1605 1008 1655 historia)
1045 1605 1112 1655 de
1136 1606 1433 1657 Alexandro
1455 1606 1667 1655 dictum.

606 1680 870 1742 Gyraldus
915 1681 982 1728 de
1027 1680 1210 1729 Poetis
1255 1681 1399 1729 Dial.
1444 1684 1493 1726 ³.
1538 1681 1665 1728 duos

603 1750 766 1801 fuisse
784 1752 967 1801 statuit
988 1751 1084 1801 boc
1117 1753 1321 1801 nomine
1343 1752 1522 1815 poetas
1555 1754 1666 1816 epi-

607 1840 714 1889 cos,
779 1826 933 1875 alium
989 1827 1077 1891 qui
1129 1841 1304 1877 mxxv.
1355 1828 1669 1893 Olympiade

605 1900 875 1964 floruerit;
907 1911 961 1952 et
1001 1904 1136 1954 bunc
1176 1904 1266 1969 qui
1303 1918 1416 1953 cum
1441 1904 1671 1953 Alexan·

608 1977 705 2027 dro
722 1978 864 2027 circa
880 1976 1092 2042 olymp.
1108 1991 1268 2029 cxnt.
1288 1980 1490 2029 vixerit.
1552 1979 1669 2029 Pri-

607 2054 713 2103 oris
735 2054 892 2103 etiam
916 2053 1097 2103 Suidas
1135 2054 1386 2116 meminit,
1423 2069 1524 2103 uon
1560 2054 1669 2104 sine

607 2128 813 2178 eximiis
854 2128 1112 2180 laudibus.
1194 2129 1267 2179 At
1311 2129 1413 2186 bic,
1457 2129 1524 2178 de
1569 2144 1670 2194 qno

611 2202 842 2264 Curtius,
863 2203 930 2253 ab
966 2204 1056 2253 illo
1090 2210 1146 2254 et
1179 2204 1401 2255 Horatio
1435 2219 1531 2269 pro
1563 2220 1671 2255 om-

605 2278 746 2327 nium
786 2278 1105 2342 ineptissimo
1141 2278 1449 2329 traducitur.
1517 2280 1671 2332 Quod

607 2353 817 2417 quidem
859 2360 1041 2403 eontra
1083 2354 1331 2417 Scaligeri
1361 2356 1669 2406 sententiam

608 2428 754 2494 (nam
813 2444 968 2479 unum
1020 2435 1218 2480 tantum
1276 2431 1461 2481 asserit
1514 2430 1670 2482 fuisse

609 2504 904 2566 Cboerilum,
925 2519 1173 2554 summum
1201 2505 1422 2574 poetam,
1441 2507 1667 2557 Horatii-

607 2595 712 2645 que
736 2581 986 2645 judicium
1019 2584 1372 2648 maximopere
1395 2587 1668 2646 repreben-

604 2657 704 2720 dit,
734 2658 798 2705 ad
835 2657 1111 2708 Eusebian.
1159 2673 1299 2707 uum.
1345 2659 1668 2723 unxxxiv.)

607 2740 891 2794 contraque
915 2733 1108 2780 Mureti
1133 2731 1254 2781 Var.
1282 2733 1426 2782 Lect-
1461 2747 1562 2783 xu.
1589 2739 1667 2784 14.

605 2813 666 2855 et
683 2807 762 2855 Cl.
786 2806 958 2854 Vossii
991 2806 1058 2856 de
1083 2805 1334 2858 Histoi-ic.
1365 2807 1568 2858 Grecis
1590 2824 1668 2859 ιν.

607 2884 658 2930 7.
671 2880 1060 2931 evidentissime
1083 2881 1315 2931 ostendit
1331 2882 1513 2946 Magni
1533 2883 1668 2934 illius

605 2955 724 3004 Viri
757 2969 860 3005 nou
897 2964 1002 3005 tam
1033 2954 1277 3006 librorum
1312 2971 1465 3020 quam
1497 2960 1669 3008 erudi·

611 3031 768 3080 tionis
811 3031 962 3080 heres
1001 3031 1072 3080 D.
1107 3031 1351 3080 Heinsius
1379 3033 1470 3083 lib.
1505 3047 1569 3083 n.
1603 3036 1670 3084 de

607 3105 800 3170 Satyra
824 3107 1131 3156 Horatiana.
1169 3107 1390 3158 Fui-sa.

672 3183 758 3232 Ex
793 3182 965 3233 Sicilia
987 3182 1122 3245 Cleo]
1152 3182 1240 3233 Sic
1266 3185 1448 3248 scripsi
1481 3185 1670 3235 audac-

611 3264 710 3313 ter.
734 3273 850 3308 cum
873 3259 1064 3323 alioqui
1087 3259 1141 3307 in
1165 3259 1470 3310 editionibus
1496 3260 1672 3312 Cilicia

609 3335 891 3398 legeretur,
927 3342 984 3385 et
1020 3343 1254 3385 veterum
1292 3336 1556 3393 librorum,
1582 3337 1670 3402 qui

610 3411 757 3475 quasi
803 3425 954 3461 manu
993 3425 1077 3460 me
1115 3412 1180 3460 ad
1223 3413 1354 3461 hauc
1393 3412 1667 3462 lectiouem

607 3485 890 3544 ducebant,
926 3485 1258 3546 attctoritatc,
1290 3491 1349 3534 et
1391 3487 1468 3534 rei
1507 3487 1668 3548 ipsius

609 3559 830 3609 veritate
868 3557 1053 3608 fretus.
1107 3560 1320 3609 Medius.
1391 3562 1524 3626 Cleo]
1567 3563 1667 3612 Mi·

608 3649 722 3684 rum
751 3633 914 3690 dictu,
946 3633 1192 3696 quidquid
1216 3648 1246 3682 a
1271 3634 1462 3685 Cleone
1485 3637 1664 3687 Siculo

607 3709 928 3772 disputatum
970 3709 1044 3756 ait
1082 3709 1309 3772 Curtius,
1350 3711 1446 3760 boc
1495 3719 1663 3763 totum

606 3785 918 3836 Anaxarcho
953 3784 1210 3847 Sophiste
1233 3785 1558 3838 Abderitano
1585 3803 1666 3838 as·

609 3862 779 3923 signat
801 3857 1048 3908 Arrianus
1073 3871 1150 3908 tv.
1171 3864 1220 3909 2.
1243 3864 1322 3911 14.
1390 3862 1508 3913 Nec
1530 3865 1666 3928 apud

609 3935 942 3986 Plutarchum
981 3935 1087 3984 ulia
1127 3935 1338 3985 Cleonis
1363 3941 1573 4003 mentio,
1611 3949 1669 3992 et

605 4013 771 4062 multa
793 4010 1106 4061 Anaxarchi.
1143 4009 1377 4063 Mnus.

673 4087 902 4137 Natioais
939 4085 1079 4151 citio]
1115 4087 1252 4149 Ergo
1291 4087 1451 4138 Siculi
1491 4089 1669 4140 adula-

607 4165 784 4212 tores?
815 4175 918 4212 uon
945 4161 1155 4212 memini
1178 4162 1246 4211 ab
1269 4163 1381 4214 aliis
1402 4167 1667 4229 scriptori·

603 4237 704 4288 bus
729 4236 826 4288 bac
861 4237 1014 4290 laude
1053 4237 1336 4302 insignitos.
1402 4241 1554 4295 Quod
1587 4257 1666 4293 se·

1295 406 1508 457 No'rAE
1561 404 1959 454 valtloltula
2027 405 2105 453 lu

1740 547 2029 597 mibarbare
2054 545 2217 595 locuti
2238 545 2343 593 sint
2376 542 2654 606 scriptores
2690 548 2793 593 tes-

1743 629 1934 673 tantur.
2003 620 2251 671 Firmicus
2294 620 2636 669 Astronomic.
2667 632 2705 667 1.
2750 623 2797 667 ι.

1738 698 1951 747 ‘acutos
1966 697 2001 758 ς’
2046 696 2231 745 Cicero
2274 693 2326 743 iu
2366 696 2579 743 Verrem
2618 691 2707 743 lib.
2754 707 2795 742 ι.

1742 780 1757 803 ·
1776 789 1936 839 genus
1958 774 2217 823 bominum
2240 777 2447 820 acutum
2470 779 2525 819 et
2547 770 2797 831 suspicio-

1741 864 1853 899 sum
1874 850 1893 875 ⁹
1925 850 2085 899 dicit:
2122 855 2177 898 et
2206 847 2270 896 de
2299 846 2451 897 Orat.
2474 858 2538 895 rr.
2560 850 2643 895 54.
2666 854 2721 893 et
2743 845 2794 894 in

1739 927 1957 976 Verrem
1978 926 2069 976 lib.
2088 938 2167 975 vr.
2215 922 2611 981 Skalossueetos.
2660 924 2797 971 Ξικν·

1741 1000 1897 1064 λίζων
1936 1016 2063 1052 vero
2107 999 2245 1064 apud
2285 997 2795 1060 Paroemiograpbnm

1742 1077 1809 1127 de
1850 1076 2011 1127 vafris
2050 1084 2107 1127 et
2148 1074 2394 1137 improbis
2437 1072 2646 1121 dicitur.
2714 1070 2795 1121 Dc

1743 1153 1994 1203 variarum
2018 1166 2172 1217 porro
2194 1151 2423 1213 gentium
2444 1145 2719 1196 virtutibus
2742 1153 2799 1196 et

1740 1228 1880 1278 vitiis
1923 1232 2115 1277 tractat
2158 1224 2412 1275 Alexand.
2451 1222 2673 1284 Neapol.
2714 1234 2797 1272 rr.

1742 1307 1823 1353 18.
1888 1302 2075 1353 Exstat
2098 1301 2225 1350 alius
2246 1298 2468 1362 scriptor
2488 1297 2555 1347 de
2576 1297 2799 1347 moribus

1741 1377 1969 1440 gentium
2008 1376 2271 1441 improbus
2309 1384 2364 1424 et
2400 1374 2689 1437 impudens,
2710 1388 2799 1422 cu·

1730 1452 1817 1516 ,ius
1840 1466 2022 1501 nomen
2046 1458 2321 1515 proetereo,
2345 1464 2411 1498 ne
2433 1449 2633 1499 chartas
2654 1463 2797 1499 meas

1738 1528 2018 1592 inquinem,
2039 1527 2266 1576 famosus
2289 1526 2424 1575 enim
2448 1526 2617 1588 potius
2650 1524 2799 1573 libel·

1740 1604 1836 1662 lus,
1856 1618 2007 1667 quam
2033 1618 2181 1653 verus
2205 1604 2353 1652 iiber.
2384 1602 2617 1651 Badera
2666 1601 2797 1649 Vide

1740 1686 1913 1726 notam
1938 1692 2098 1740 supra
2119 1678 2183 1726 ad
2209 1690 2288 1726 ιν.
2312 1680 2359 1725 1.
2384 1680 2465 1725 30.
2488 1685 2544 1725 et
2567 1690 2620 1727 v·
2644 1680 2693 1725 1.
2715 1680 2799 1726 8⁷.

1740 1750 1823 1799 cui
1851 1752 2015 1814 junge
2058 1751 2406 1814 Tit-aquenum
2440 1750 2491 1799 in
2533 1766 2631 1801 vn.
2672 1753 2801 1816 Iacg.

1741 1824 1975 1875 Connub.
2021 1826 2203 1889 glossa
2262 1827 2440 1889 primm
2500 1837 2650 1891 parte
2694 1842 2798 1878 vn.

1741 1917 1881 1953 uum.
1915 1907 1998 1953 61.
2034 1911 2090 1953 et
2114 1903 2372 1954 Bodinum
2398 1905 2465 1955 de
2498 1905 2718 1969 Republ.
2746 1919 2798 1955 v.

1742 1983 1790 2028 1.
1817 1978 2039 2029 Freinsh.

1808 2056 2156 2120 Paoeameatc]
2188 2056 2344 2105 Malis
2376 2055 2607 2105 moribus
2629 2055 2801 2105 meriti

1742 2134 1802 2179 ut
1822 2128 2141 2192 ejicerentur
2159 2132 2349 2193 patria.
2374 2130 2526 2179 Adde
2544 2143 2602 2179 x.
2616 2134 2665 2179 2.
2692 2129 2799 2179 Cei·

1742 2206 1833 2253 iar.
1868 2203 2157 2267 Καθάρματα
2177 2212 2328 2255 vocat
2350 2212 2407 2254 et
2422 2204 2651 2267 explicat
2664 2204 2799 2253 Tur-

1742 2280 1860 2329 neb.
1883 2280 2165 2331 Adversar.
2190 2293 2369 2329 xxvn.
2409 2284 2489 2327 lo.
2524 2286 2581 2327 et
2614 2280 2691 2327 sic
2714 2278 2802 2328 ei-

1742 2356 1945 2406 ceronis
1968 2357 2045 2407 vis
2068 2355 2285 2417 intelligi
2314 2360 2482 2416 potest
2506 2353 2661 2403 Catil.
2682 2367 2724 2404 r.
2748 2358 2800 2403 ⁶.

1742 2431 1758 2460 ‘
1778 2446 1945 2497 purga
1968 2430 2185 2483 urbem.'
2222 2430 2375 2480 Saule.

1806 2509 1834 2571 §
1867 2513 1900 2557 9
1937 2508 2204 2571 Castorem]
2242 2507 2327 2556 De
2350 2506 2566 2556 Castore
2599 2510 2656 2554 et
2677 2504 2801 2555 Pol-

1739 2581 1857 2632 luce
1908 2583 2205 2645 scripsimus
2247 2582 2311 2630 ad
2369 2581 2627 2632 Martialis
2676 2581 2801 2644 Epi-

1742 2665 2043 2721 grammata,
2087 2664 2143 2706 et
2186 2657 2346 2707 habes
2385 2657 2677 2720 longissime
2713 2670 2799 2704 ex·

1745 2734 1937 2797 plicata
1978 2733 2043 2782 ab
2082 2732 2256 2782 Natali
2303 2733 2503 2781 comite
2543 2731 2630 2780 lib.
2676 2745 2807 2782 vm.

1744 2814 1855 2857 toto
1878 2823 1997 2870 cap.
2028 2811 2078 2856 8.
2112 2806 2251 2871 apud
2276 2806 2563 2870 Gyraldum
2582 2807 2802 2869 syntag·

1746 2890 1882 2933 mate
1913 2897 1965 2935 ν.
1990 2883 2055 2932 de
2080 2883 2381 2932 Castoribus
2401 2897 2493 2932 sen
2518 2882 2804 2943 Dioscuris,

1746 2959 1821 3008 nti
1865 2960 2069 3010 Grecis
2126 2960 2474 3023 appellantur,
2528 2959 2681 3009 Leda
2734 2973 2801 3006 ex

1743 3036 1877 3087 Jove
1898 3037 2037 3100 filiis,
2056 3036 2381 3101 Tyndaridis.
2417 3037 2643 3084 Μαι-υ.
2692 3031 2803 3083 Ad·

1744 3112 1811 3161 de
1844 3113 2057 3162 Sueton.
2086 3113 2221 3162 Caes.
2254 3125 2366 3174 cap.
2392 3115 2469 3160 1⁰.
2536 3111 2689 3159 Hanc
2712 3125 2800 3158 au·

1744 3196 1850 3238 tem
1886 3191 2166 3238 orationem
2190 3186 2395 3236 Arriau.
2427 3199 2503 3234 rv-
2532 3188 2580 3233 2.
2607 3188 2686 3234 18.
2711 3185 2800 3233 ad-

1746 3263 1928 3314 scribit
1965 3263 2291 3313 Anaxarcho.
2368 3259 2501 3310 ltem
2540 3273 2616 3309 tv.
2658 3264 2709 3308 2.
2750 3263 2803 3310 6.

1736 3340 1849 3404 jam
1872 3347 1991 3387 ante
2014 3339 2065 3386 in
2085 3338 2323 3387 convivio
2336 3335 2459 3386 Cliti
2482 3333 2627 3384 cede
2644 3334 2803 3396 insig-

1742 3416 1872 3478 nito,
1904 3415 2039 3464 idem
2064 3412 2168 3462 fert
2193 3414 2451 3475 jactatum
2476 3425 2507 3458 a
2528 3409 2802 3459 nonnullis.

1744 3489 1789 3537 A
1814 3488 1999 3537 talibus
2019 3487 2421 3534 assentationum
2448 3486 2703 3548 portentis
2725 3485 2801 3534 in-

1743 3563 1973 3613 fatuatus
2004 3560 2256 3624 Caligula,
2287 3561 2303 3589 ‘
2324 3561 2489 3623 primo
2525 3561 2801 3612 emulaba-

1745 3647 1833 3688 tur
1847 3637 2111 3688 Semideos
2134 3651 2263 3702 quos
2299 3645 2504 3696 vocant,
2536 3636 2802 3698 Liberum,

1742 3714 2043 3773 Herculem,
2115 3712 2375 3767 Castores,
2432 3712 2801 3775 Trophonium,

1741 3788 2131 3852 Amphiaraum,
2154 3787 2563 3850 Amphilochium,
2587 3795 2643 3836 et
2663 3789 2799 3837 simi—

1740 3868 1835 3928 les,
1852 3865 2072 3916 irridens
2105 3879 2279 3914 eorum
2301 3864 2509 3914 oracula
2532 3865 2799 3930 orgiaque,

1742 3940 1807 3990 ad
1832 3955 1972 3991 snam
1992 3940 2180 3990 collata
2196 3937 2517 4003 potentiam.’
2562 3939 2713 3989 Philo
2734 3940 2801 3989 de

1744 4017 1928 4081 Legat.
1952 4015 2015 4064 ad
2043 4016 2242 4065 Caium.
2276 4013 2495 4063 Freinsh.
2562 4015 2801 4065 Quatuor

1743 4094 1885 4142 Deos
1913 4097 2234 4145 enumerant,
2260 4101 2435 4137 omnes
2467 4087 2617 4138 Jovis
2648 4089 2803 4148 filios,

1741 4168 1925 4232 quibus
1959 4165 2309 4218 Alexandrum
2340 4172 2631 4230 exequant,
2662 4165 2799 4214 idem

1742 4245 2004 4310 fastigium
2026 4241 2377 4294 affectantem.
2413 4242 2590 4292 calar.
