3222 4944
654 415 826 481 1358

658 587 774 623 men
808 573 923 634 ipsa
945 569 1077 619 ratio
1098 581 1131 616 a
1152 565 1397 630 Phiiippo
1430 573 1579 630 patre
1615 565 1706 615 ibi·

659 648 775 697 dem
801 644 1075 706 refellitur,
1108 644 1246 692 inter
1280 643 1380 690 alia
1409 651 1710 704 argutireuta

660 731 715 772 et
734 735 817 783 eo,
834 719 973 785 quod
998 720 1063 769 ad
1088 732 1166 767 w.
1192 720 1241 765 7.
1265 720 1347 765 80.
1371 715 1528 764 verbo
1560 715 1577 742 ⁴
1598 727 1710 763 cor·

661 797 836 862 rupit‚'
859 793 1310 846 consideravimus.
1364 790 1513 840 Hand
1540 798 1712 840 tamen

662 873 869 922 omnino
888 885 1063 919 vanam
1084 869 1235 917 istam
1255 866 1531 915 vanitatem
1551 863 1712 914 fuisse

664 948 867 1012 probari
892 945 1057 1009 possit
1085 943 1342 1005 exemplo,
1375 941 1511 1004 qnod
1550 937 1712 988 refer-

662 1029 749 1071 tur
768 1033 925 1084 supra
946 1031 1043 1068 vn.
1061 1022 1111 1067 6.
1134 1021 1184 1066 ο.
1250 1015 1470 1064 Easdem
1502 1011 1614 1062 fere
1646 1014 1714 1062 ob

662 1096 892 1145 rationes
929 1095 1096 1142 Varro
1139 1089 1277 1155 apud
1324 1089 1597 1152 Angustia.
1650 1089 1714 1138 de

666 1171 782 1220 civ.
808 1170 907 1218 Dei
932 1181 1022 1218 nt.
1045 1172 1092 1218 4.
1141 1167 1157 1196 ⁶
1179 1166 1321 1216 Utile
1346 1178 1458 1213 esse
1488 1163 1716 1213 civitati-

666 1244 795 1293 bus’
833 1243 983 1302 dicit,
1042 1240 1175 1291 ‘etsi
1220 1237 1405 1289 faisuin
1444 1239 1531 1301 sit,
1566 1247 1626 1288 ut
1661 1251 1718 1287 se

670 1321 897 1370 Deorum
930 1317 1063 1366 filios
1098 1313 1354 1366 credant.'
1422 1314 1490 1363 Et
1532 1327 1602 1363 tv.
1639 1317 1720 1363 ³1.

664 1393 683 1421 ⁴
706 1393 875 1442 Multa
909 1397 1031 1441 sunt
1074 1403 1215 1451 vera,
1258 1402 1375 1452 qum
1414 1401 1515 1437 non
1566 1387 1720 1436 modo

670 1467 829 1530 vulgo
858 1465 976 1515 sciri
1012 1477 1115 1513 non
1146 1468 1225 1512 est
1258 1462 1405 1524 utile,
1438 1461 1529 1510 sed
1566 1461 1722 1510 etiam

672 1542 881 1591 tametsi
925 1539 1055 1589 salsa
1095 1539 1218 1599 sint,
1249 1538 1403 1586 aliter
1432 1537 1725 1585 existimare

672 1617 919 1680 populum
942 1613 1190 1678 expedit.'
1256 1613 1395 1675 Ergo
1422 1611 1560 1675 apud
1582 1625 1724 1661 eum·

672 1692 791 1740 dem
813 1691 1093 1740 Luciaunm
1126 1688 1393 1750 Diogenes
1411 1685 1475 1733 ad
1502 1683 1726 1733 Alexan-

676 1762 859 1812 drum:
912 1761 1292 1811 ‘Sacerdotem
1337 1758 1726 1809 Ammonioi-nm

674 1836 997 1886 mendacium
1062 1835 1127 1884 ad
1185 1849 1267 1884 res
1321 1834 1574 1897 gerendas
1631 1831 1728 1882 tibi

677 1911 814 1960 haud
833 1924 1085 1976 quaquam
1106 1907 1207 1958 fuit
1230 1909 1449 1968 inntiie;
1487 1913 1728 1972 propter·

678 1999 742 2034 ea
763 1985 899 2049 quod
923 1985 1104 2046 vulgus
1140 1991 1194 2032 te
1224 1981 1501 2031 verebatur
1532 1988 1730 2030 metue-

678 2061 887 2126 batque,
920 2075 1073 2125 quum
1114 2059 1265 2108 deum
1310 2071 1423 2106 esse
1458 2055 1734 2106 crederetss

678 2136 765 2185 Sic
786 2135 897 2183 fere
922 2148 1098 2183 omnes
1122 2132 1298 2196 popuii
1315 2130 1610 2182 referebant
1633 2129 1733 2180 ori-

683 2209 853 2273 ginem
886 2223 1028 2258 suam
1061 2208 1125 2256 ad
1153 2207 1379 2256 Deorum
1411 2207 1652 2270 aliquem,
1675 2212 1734 2255 nt

685 2287 701 2312 ⁸
726 2283 1006 2347 primordia
1028 2283 1229 2332 urbium
1269 2282 1563 2344 angustIora
1597 2279 1736 2329 face·

684 2361 841 2424 rent,'
900 2361 1073 2410 Livius
1131 2359 1423 2420 Prooem103
1471 2358 1536 2406 ad
1582 2371 1735 2420 quem

682 2439 855 2487 iocum
891 2435 1125 2499 exempla
1164 2421 1325 2485 mitita
1349 2435 1608 2485 Gruterus
1645 2447 1736 2482 no-

685 2519 782 2563 tat.
847 2513 1020 2575 Atque
1044 2512 1153 2559 ha’c
1190 2524 1283 2572 pro
1310 2508 1603 2558 Alexandro
1627 2508 1737 2570 ipse

688 2588 876 2651 aliique
917 2586 1117 2642 dixere,
1158 2584 1547 2648 haudquaquam
1592 2582 1740 2644 paria

686 2659 865 2711 futura
882 2660 1156 2711 contrariis
1193 2658 1529 2719 argumentis,
1558 2656 1600 2704 si
1625 2655 1738 2721 quis

688 2748 755 2783 ex
779 2736 983 2783 diverso
996 2739 1195 2794 urgeat.
1232 2731 1455 2781 Freiask.

762 2807 877 2855 Veri
892 2804 1063 2867 vicena]
1099 2805 1275 2854 Livius
1322 2818 1524 2855 xxxiv.
1570 2808 1649 2854 12.
1693 2809 1742 2851 ⁸.

578 2880 587 2891 ‘
642 2950 645 2955 Ι
693 2882 920 2931 accinit=
954 2880 1140 2942 ‘Soepe
1165 2892 1295 2928 vana
1316 2894 1407 2943 pro
1430 2879 1584 2935 veris,
1600 2892 1742 2927 max·

692 2957 794 3005 ime
830 2956 881 3003 ln
914 2954 1075 3017 bello,
1114 2952 1380 3001 valuissez’
1414 2966 1626 3016 remque
1655 2967 1745 3000 ex·

694 3028 866 3092 emplo
903 3026 1139 3091 subjecto
1177 3031 1422 3075 testatam
1459 3024 1629 3085 facit3
1678 3025 1746 3074 de

693 3102 834 3154 fama
866 3109 1037 3152 antem
1074 3116 1229 3165 snpra
1260 3100 1325 3149 ad
1352 3114 1434 3150 m.
1464 3104 1516 3151 8.
1549 3104 1601 3149 7.
1637 3099 1746 3150 dic-

690 3178 824 3242 tum,
846 3176 1030 3241 quibus
1044 3176 1195 3239 jungi
1220 3181 1395 3241 potest
1416 3174 1622 3238 Lipsius
1645 3174 1749 3224 Po·

694 3252 773 3303 lit.
796 3266 850 3301 v.
875 3255 952 3301 to.
986 3250 1135 3300 Idem.

760 3330 875 3391 §1⁶
921 3328 1073 3378 Arma
1115 3329 1276 3375 nestra
1311 3338 1429 3375 caro
1464 3328 1752 3387 argentoque

696 3400 970 3463 admosse]
1004 3400 1185 3449 Florus
1213 3412 1252 3448 ι.
1290 3402 1371 3447 16.
1408 3402 1453 3448 7.
1486 3398 1750 3461 ‘Populus

689 3476 765 3523 ·R.
788 3476 1045 3523 Samnitas
1068 3473 1272 3525 invasit,
1290 3482 1496 3533 gentem
1512 3472 1680 3520 aureis
1697 3478 1753 3521 et

698 3546 959 3608 argenteis
982 3544 1137 3591 armis
1153 3542 1189 3603 ς’
1214 3542 1301 3592 ubi
1337 3544 1456 3591 vide
1476 3558 1594 3607 quae
1609 3545 1752 3593 Doc-

700 3620 929 3668 tissimns
974 3616 1350 3666 Freinshemius
1384 3618 1618 3681 collegit,
1653 3632 1752 3669 nec

702 3694 906 3758 pigebit
924 3706 1042 3741 enm
1072 3692 1410 3741 consuluisse.
1442 3692 1593 3742 Saule.

772 3768 914 3818 Ninia
931 3767 1073 3817 oils’as
1097 3768 1183 3815 hoc
1210 3766 1367 3815 videri
1386 3766 1587 3815 materia
1604 3764 1755 3828 uolui]

705 3842 949 3893 Nondum
972 3839 1235 3897 constitui,
1258 3852 1323 3887 an
1340 3840 1453 3890 boec
1471 3841 1599 3890 satis
1621 3839 1754 3889 bene

704 3919 781 3966 ita
801 3929 834 3964 a
852 3928 932 3964 me
954 3912 1225 3963 emendata
1240 3914 1364 3962 sint.
1431 3914 1752 3963 Membrana

697 3990 967 4041 habebant
982 4004 999 4039 ε
1036 3986 1255 4037 Aunesis
1272 3987 1395 4035 nisit
1412 3986 1555 4036 cilius
1572 3988 1661 4036 hue
1679 3988 1754 4035 oi·

704 4065 808 4114 den·
826 4063 1027 4112 meede
1054 4062 1180 4110 volui
1211 4062 1466 4110 ostendere.
1533 4060 1753 4109 Mundo-

704 4156 793 4189 nas
826 4139 1031 4188 homos
1056 4138 1224 4187 σείει-ὴ
1274 4150 1358 4185 κω
1408 4150 1525 4186 aare
1567 4136 1756 4200 quidem

704 4214 849 4265 vinei.
933 4213 1073 4267 Hinc
1126 4218 1239 4265 tute
1292 4219 1463 4264 tecum
1502 4210 1756 4267 delibera.

1349 423 1566 473 No‘rAE
1615 423 2012 472 vammum
2062 423 2138 472 m

1787 562 1910 629 quid
1935 563 2183 627 sequaris,
2203 569 2294 614 aut
2314 563 2435 628 qnid
2459 561 2624 626 fugias
2650 561 2835 625 potius,

1788 635 2026 688 nam'hoc
2061 640 2290 689 invenire
2313 640 2463 702 longe
2501 637 2594 688 tibi
2628 638 2730 686 erit
2765 634 2837 684 fa-

1788 715 1951 764 cilius.
1984 715 2191 764 Medias.
2279 714 2342 764 In
2385 721 2531 762 tanta
2562 711 2840 761 lectionum

1791 791 2061 853 varietate,
2098 789 2303 840 facilius
2341 789 2561 844 omnino,
2603 787 2727 850 quid
2761 785 2842 834 fu·-

1791 867 2003 930 gianins,
2053 867 2286 915 invenire
2345 874 2446 928 est,
2509 881 2659 930 quam
2719 864 2840 929 quid

1790 955 2082 1005 sequamur,
2105 947 2164 990 ut
2183 941 2391 990 Modius
2417 941 2606 990 aiebat.
2643 939 2845 989 Alluxit

1791 1017 1938 1066 nobis
1966 1024 2138 1065 tamen
2162 1017 2346 1080 aliquis
2371 1017 2496 1065 lucis
2521 1015 2715 1070 radius,
2736 1015 2845 1063 sive

1793 1093 2036 1140 strictura
2059 1100 2136 1141 est
2158 1109 2174 1154 ς
2208 1101 2264 1142 et
2286 1106 2549 1156 speramus
2585 1092 2720 1140 iilius
2745 1103 2846 1153 ope

1797 1179 1970 1214 verum
2004 1165 2080 1214 ita
2112 1166 2414 1229 pervidisse,
2437 1174 2498 1215 ut
2529 1178 2750 1215 accenso
2783 1163 2851 1212 de

1791 1241 1938 1290 nobis
1974 1233 2114 1290 hovo
2154 1242 2346 1292 lumine
2385 1240 2626 1290 tenebras
2669 1252 2849 1289 omnes

1792 1315 1892 1364 loci
1939 1315 2142 1377 penitus
2185 1317 2440 1366 iilustrare
2497 1315 2744 1379 possimus
2789 1322 2847 1364 et

1794 1391 2009 1440 clarere.
2045 1391 2279 1441 Primum
2295 1393 2406 1441 hec
2427 1389 2704 1440 refutanda
2720 1395 2856 1450 erat,

1796 1480 1948 1529 quam
1968 1467 2178 1516 Modius
2195 1466 2358 1516 dedit.
2422 1465 2496 1515 At
2521 1463 2715 1513 refutat
2739 1464 2852 1527 ipse

1799 1539 2027 1597 Curtius,
2051 1541 2094 1590 si
2133 1542 2293 1592 verba
2325 1542 2474 1591 istius
2515 1555 2577 1590 ea
2621 1553 2736 1588 cnm
2775 1554 2855 1588 se·

1799 1614 2075 1678 quentibus
2121 1627 2495 1678 comparemus.
2559 1613 2769 1664 Scilicet
2813 1613 2854 1661 si

1800 1689 2125 1740 assuetudine
2147 1691 2247 1739 vile
2279 1705 2455 1750 aurum
2480 1699 2856 1753 argentumque

1801 1763 2107 1813 concinnare
2132 1764 2524 1815 ,Macedonibus
2559 1762 2858 1812 Alexander

1802 1838 2088 1894 statuisset,
2123 1845 2180 1888 ut
2213 1839 2297 1902 qui
2321 1839 2510 1888 ceteris
2541 1837 2740 1899 invicti,
2760 1851 2860 1912 neve

1805 1913 2004 1962 iliorum
2067 1913 2404 1962 estimatione
2455 1920 2510 1962 et
2567 1911 2860 1976 cupiditate

1808 1987 2167 2049 vincerentur3
2200 1987 2252 2037 id
2276 1989 2318 2037 si
2346 1989 2522 2050 vellet,
2541 1989 2768 2052 inquam,
2787 1987 2862 2036 ita

1807 2062 2140 2126 subjungeret
2166 2063 2396 2114 scilicet:
2438 2065 2611 2112 Oculos
2632 2077 2744 2125 ergo
2761 2063 2863 2125 prs·-

1807 2151 1934 2185 smcm
1965 2151 2123 2186 eorum
2158 2139 2352 2187 sordida
2386 2139 2543 2188 omnia
2585 2142 2632 2187 et
2668 2137 2866 2186 humilia

1809 2215 2121 2277 spectantium
2157 2215 2359 2278 copinas,
2389 2220 2437 2264 et
2459 2213 2624 2263 docebo
2656 2229 2742 2262 nos
2769 2227 2863 2261 aon

1810 2289 1919 2338 uari
1939 2295 2023 2338 aut
2043 2291 2234 2351 urgenti
2253 2291 2462 2353 cupidos,
2487 2291 2572 2338 sed
2589 2289 2744 2337 orbem
2767 2294 2866 2337 ler-

1811 2377 1973 2429 rarum
1994 2363 2264 2414 subactas-os
2279 2365 2455 2412 venire.
2524 2362 2661 2412 Quid
2680 2361 2864 2409 horum

1812 2439 2072 2489 sententia
2094 2438 2474 2490 dissentaneum
2496 2437 2633 2487 inter
2673 2451 2728 2485 se
2761 2449 2865 2485 ma-

1816 2512 1919 2575 gis?
1971 2513 2092 2576 quid
2139 2520 2246 2561 tota
2285 2512 2553 2561 absurdius
2597 2512 2871 2560 oratione?

1817 2588 1898 2638 De
1925 2586 2296 2637 Macedonibus
2322 2586 2622 2650 premittit:
2659 2600 2779 2634 mox
2801 2584 2867 2633 de

1815 2660 1960 2710 Indis
1983 2660 2116 2711 idem
2141 2662 2533 2725 interpretatur.
2569 2660 2728 2724 Atqui
2742 2658 2869 2708 nihil

1817 2735 1883 2785 ad
1905 2736 2221 2786 Macedones
2253 2736 2382 2786 ista:
2418 2735 2635 2786 Assuets’s
2655 2734 2778 2782 nihil
2797 2733 2871 2782 oi·

1817 2811 1910 2859 lius
1929 2811 2017 2859 Itos
2038 2811 2190 2859 uideri
2205 2811 2406 2859 materia
2425 2811 2550 2859 volui
2565 2827 2582 2858 .·
2616 2809 2742 2858 nihil
2757 2806 2872 2857 haee

1821 2884 2025 2933 omnino
2049 2884 2114 2932 ad
2151 2884 2486 2947 Macedones,
2519 2886 2704 2933 iterum
2737 2880 2873 2931 dico.

1819 2958 1902 3006 De
1924 2957 2068 3006 Indis
2091 2958 2246 3007 etiam
2269 2958 2397 3022 ipsIs
2433 2957 2718 3022 capienda:
2757 2969 2870 3021 quse

1821 3030 2086 3080 commode
2131 3046 2234 3080 non
2274 3039 2488 3094 possunt
2534 3038 2731 3092 tamen,
2775 3030 2874 3078 imo

1822 3106 1963 3155 nulio
1979 3114 2192 3168 possunt
2208 3106 2378 3167 modo,
2389 3106 2487 3154 nisi
2504 3106 2693 3155 ieviter
2706 3116 2874 3153 eruen-

1823 3178 2031 3240 dentnr,
2053 3185 2108 3227 et
2131 3180 2198 3228 ad
2219 3179 2316 3228 hoc
2339 3192 2546 3242 prorsus
2567 3178 2878 3241 exemplum,

1823 3260 2070 3303 revocata
2091 3256 2244 3303 etiam
2267 3267 2394 3302 voce
2415 3256 2673 3317 ostendere,
2687 3264 2801 3317 qnae
2824 3249 2878 3299 iu

1826 3327 2052 3389 vuigatis
2076 3327 2388 3377 editionibus
2427 3341 2530 3377 non
2556 3336 2752 3377 temere
2787 3324 2875 3373 ad·

1825 3400 1956 3462 dita,
1976 3408 2169 3450 temere
2193 3404 2243 3449 in
2267 3400 2545 3461 Modianis,
2573 3399 2674 3447 etsi
2708 3398 2874 3446 cousi-

1827 3474 1896 3522 iio
1937 3474 2139 3536 quidem
2183 3472 2366 3535 ipsius,
2410 3473 2614 3521 emissa.
2673 3470 2876 3536 Scribo,

1824 3546 2052 3596 Adsuetis
2071 3545 2193 3594 aaa
2211 3545 2355 3594 eilias
2375 3544 2461 3593 huc
2489 3544 2648 3593 nidere
2677 3546 2880 3607 materh

1825 3618 1951 3669 solun·
1971 3620 2232 3680 utendae,
2248 3618 2534 3668 Macedonas
2548 3619 2748 3668 invictos
2759 3624 2880 3670 cete·

1825 3695 1915 3753 ris,
1933 3706 2018 3741 aee
2037 3706 2154 3741 wo
2172 3692 2359 3755 quidem
2382 3694 2524 3744 cinei.
2574 3694 2747 3743 Oculos
2766 3709 2879 3756 ergo

1822 3768 2043 3833 prinum,
2083 3768 2164 3829 ὅτ.
2231 3766 2339 3832 Ait,
2385 3766 2550 3831 Indis,
2581 3768 2668 3833 qui
2698 3784 2878 3819 aurum

1829 3849 2200 3905 argentumque
2222 3843 2382 3892 solum
2406 3847 2665 3905 spectant,
2692 3843 2781 3906 qui
2802 3844 2878 3891 nt-

1827 3914 1917 3978 hii,
1939 3915 2074 3980 quod
2097 3930 2161 3965 ea
2181 3917 2397 3966 materia
2425 3916 2578 3965 vilius
2611 3916 2697 3978 sit,
2728 3917 2878 3965 oculo

1829 3997 1976 4039 recto
1999 4002 2144 4051 pene
2166 3988 2367 4052 dignari
2391 3988 2580 4049 solent,
2597 3988 2744 4051 hujus
2765 3994 2875 4037 tan-
2897 3990 2906 3998 ’

1831 4069 1938 4113 tum
1963 4063 2141 4126 cupidi
2165 4068 2222 4111 et
2243 4062 2591 4113 estimantesz
2625 4062 2686 4111 iis
2713 4076 2876 4125 appa·

1829 4146 1946 4187 ratu
1967 4139 2062 4187 boe
2085 4144 2137 4187 et
2159 4138 2304 4187 cultu
2327 4150 2580 4186 armorum
2603 4136 2876 4187 ostendere

1831 4224 1894 4263 ae
1927 4211 2147 4276 probare
2185 4208 2342 4273 votui,
2380 4209 2696 4261 Macedones
2733 4222 2874 4260 meos
