3222 4944
590 366 765 435 1510

588 546 657 599 et
680 535 753 595 ab
782 532 1095 613 Antipatro
1122 527 1370 592 redditoe
1396 537 1583 602 erant,
1610 548 1688 588 ex
1711 528 1924 607 quibus
1965 532 2232 587 mutuam
2272 524 2422 585 inter
2441 587 2449 597 ¹
2466 522 2627 605 ipsos
2677 525 2758 585 si·

591 630 899 692 multatem
926 636 1287 709 perceperat.
1372 624 1567 685 Mater
1594 625 1968 705 Antipatrum
1997 622 2278 683 adfectati
2305 621 2474 701 regni
2517 618 2761 681 insimu-

589 726 776 787 labat.
862 727 959 787 10.
1000 723 1307 803 Antipater
1334 720 1748 801 Olympiadem
1775 720 1964 781 multa
2005 728 2222 799 proeter-
2255 717 2442 799 ipsius
2480 716 2764 777 decorum

594 840 802 903 gerere
826 821 1161 900 scripserat.
1244 819 1451 897 Itaque
1480 817 1712 878 evocari
1737 836 1804 877 se
1847 816 2019 877 valde
2063 815 2266 895 iniquo
2309 815 2501 874 ferens
2547 813 2764 886 animo,

598 916 999 978 Alexandrum
1026 932 1256 975 veneno
1281 914 1606 974 interficere
1636 912 1892 985 statuit„
1949 912 2214 972 Peractis
2255 910 2347 969 his
2375 909 2550 969 rebus
2575 908 2764 968 omni·

595 1014 733 1087 bus,
760 1010 1095 1073 Alexander
1143 1009 1219 1069 ad
1261 1010 1566 1070 Ecbatana
1610 1007 1829 1069 Mediae
1864 1008 2185 1087 profectus,
2225 1005 2388 1085 regni
2431 1004 2768 1065 necessaria

600 1105 913 1189 disposuit,
942 1105 1284 1186 spectacula
1322 1104 1519 1165 denuo
1559 1123 1593 1163 e
1630 1104 1971 1166 tsollemnes
2019 1102 2233 1165 indixit
2260 1101 2410 1162 dies.
2497 1102 2596 1160 ll.
2639 1098 2766 1159 Illis

598 1204 753 1264 forte
781 1202 992 1263 diebus
1020 1202 1431 1281 Hephaistion,
1462 1219 1640 1280 quem
1667 1200 1800 1261 Rex
1827 1200 1998 1261 unice
2042 1218 2116 1260 ac
2160 1197 2355 1258 fratris
2394 1196 2530 1257 loco
2557 1194 2770 1274 dilige-

600 1299 725 1373 bat,
752 1297 1089 1360 febricitans
1114 1298 1378 1361 moritur.
1462 1298 1553 1357 Ex
1578 1316 1698 1377 quo
1727 1296 2094 1370 Alexander„
2123 1293 2455 1356 incredibili
2497 1292 2771 1353 adfectus

608 1394 837 1469 dolore,
863 1395 1069 1468 multa,
1099 1414 1233 1475 quse
1254 1394 1476 1475 regiam
1502 1394 1871 1473 majestatem
1891 1392 2125 1454 minime
2147 1390 2446 1465 decerent,
2462 1388 2773 1450 admisisse

605 1486 840 1553 dicitur.
926 1493 1023 1552 12.
1050 1492 1335 1551 Miserum
1360 1489 1576 1570 quippe
1600 1486 1914 1560 medicum,
1935 1498 2232 1569 tamquam
2255 1488 2316 1547 in
2337 1485 2600 1549 curando
2628 1504 2774 1567 neg-

1326 376 1543 427 ⁸0⁹1·AE
1588 374 1924 427 vamonu
1936 376 2013 425 Μ.

674 1736 705 1797 ξ)
728 1736 791 1783 lo
813 1732 983 1797 Itaque
1000 1733 1187 1783 sessuri
1206 1734 1281 1799 ss]
1301 1734 1507 1784 Prmter
1527 1733 1659 1783 lianc
1731 1746 1952 1797 persons
1974 1731 2225 1796 Philippi,
2245 1737 2261 1761 ⁸
2277 1731 2416 1796 quod
2441 1730 2778 1795 Hepboestio·

611 1820 864 1870 caussam,
886 1806 991 1855 alia
1011 1807 1162 1870 longe
1182 1805 1368 1859 sortior
1396 1807 1511 1864 fuit,
1550 1822 1659 1857 me·
1726 1822 1844 1858 nem
1881 1808 1994 1872 plus
2035 1821 2186 1872 quam
2219 1813 2362 1857 esset
2397 1806 2522 1857 satis
2559 1805 2781 1856 amarit!

612 1888 701 1932 tus
727 1880 967 1932 nimirum
1009 1896 1077 1931 ex
1122 1896 1265 1947 rege,
1301 1897 1451 1949 quem
1486 1884 1660 1947 aperit
1727 1884 1864 1935 Nam
1899 1884 1953 1933 in
1993 1884 2138 1935 luctu
2173 1896 2376 1948 quque
2417 1882 2624 1932 modum
2663 1896 2780 1932 esse

612 1956 723 2020 eius
764 1970 864 2006 vox
906 1956 1043 2020 apud
1087 1956 1352 2008 Plutarch.
1397 1958 1661 2023 Apopbtlr.
1727 1959 2058 2023 servandum,
2079 1959 2363 2023 prasertim
2387 1956 2784 2022 imperantibus,

612 2044 729 2097 cap.
750 2033 833 2080 σο.
854 2030 870 2059 ‘
884 2030 941 2081 Si
962 2031 1275 2083 Parmenion
1294 2032 1558 2085 insidiatus
1576 2042 1664 2085 est
1733 2042 1927 2098 prater
1975 2034 2103 2084 alios
2143 2032 2373 2085 ostendit
2411 2032 2667 2083 Patricius
2713 2032 2786 2083 de

616 2104 933 2170 Alexandro,
966 2106 1051 2157 cui
1090 2107 1303 2159 tandem
1344 2111 1664 2161 credendum
1732 2110 1916 2173 Regno
1939 2124 1994 2160 v.
2013 2114 2092 2160 17.
2123 2110 2140 2138 ‘
2157 2110 2280 2160 Non
2301 2109 2440 2159 enim
2477 2108 2658 2159 eadem
2693 2107 2786 2159 de·

614 2181 745 2233 erit?
787 2182 869 2233 sin
907 2196 1052 2249 vero,
1090 2185 1179 2251 qni
1218 2187 1473 2251 agendum
1515 2194 1597 2239 est
1615 2188 1660 2237 Ρ
1735 2199 1862 2236 cora
1893 2184 2214 2249 principibus
2245 2184 2367 2234 viris
2397 2190 2455 2233 et
2485 2184 2786 2248 imperatori

615 2256 766 2308 Idsss.
1736 2262 1938 2325 populi,
1973 2274 2090 2326 qum
2113 2258 2327 2309 modicis
2347 2258 2584 2309 domibus
2603 2267 2695 2309 aut
2713 2260 2786 2311 ci·

680 2334 711 2398 ᾗ
734 2337 796 2383 11
832 2332 1147 2399 Hephaedios
1184 2336 1409 2401 moritu-1
1442 2336 1670 2409 Mortem

616 2422 733 2460 eam
755 2409 1004 2474 prodixit
1023 2411 1329 2478 Pithagoras
1353 2420 1499 2467 vates
1530 2415 1670 2480 apud

619 2483 918 2550 Appianum
946 2487 1014 2538 de
1044 2487 1179 2540 Bell.
1212 2489 1325 2541 Cir.
1357 2490 1448 2544 lib.
1470 2505 1535 2550 rr.
1568 2490 1670 2540 Ar-

618 2559 753 2612 rian.
780 2575 883 2611 vn.
904 2565 955 2612 8.
970 2566 1051 2614 88.
1068 2569 1125 2614 at
1140 2563 1410 2616 Plutarch.
1424 2580 1543 2632 cap.
1556 2569 1672 2616 184.

619 2635 864 2688 Mortuus
884 2645 1058 2688 autem
1078 2645 1161 2689 est
1179 2639 1245 2689 ad
1270 2639 1553 2692 Ecbatana.
1586 2639 1675 2690 Ε·

618 2712 747 2764 lian.
766 2713 911 2764 Hist-
932 2715 1058 2764 Var.
1080 2728 1186 2764 vu.
1202 2719 1253 2764 8.
1278 2715 1428 2765 Idem.

692 2787 841 2837 Ueios
858 2787 1114 2852 diligebas]
1134 2789 1321 2840 AElian.
1337 2789 1676 2840 Histor.Var.

623 2873 733 2914 811·
743 2865 795 2912 7.
804 2869 821 2892 ‘
836 2862 1134 2914 Alexander
1144 2862 1357 2914 Achillis
1377 2879 1674 2914 monumen-

626 2941 735 2986 tum
760 2937 1047 2993 coronavit,
1060 2937 1404 3002 Heplnestion
1414 2939 1675 3000 Patrocli3

625 3009 939 3074 signiticans,
968 3025 1026 3060 se
1060 3011 1135 3061 ita
1164 3025 1339 3061 carum
1377 3011 1676 3063 Alexandro

625 3097 764 3148 esse,
812 3093 873 3136 ut
906 3085 1183 3136 Patroclus
1228 3086 1411 3138 fuisset
1450 3087 1678 3138 Achilli?

623 3159 877 3213 Testatur
900 3167 955 3212 et
966 3163 1166 3214 Probus
1182 3163 1235 3213 in
1253 3163 1502 3227 Eumene,
1520 3164 1680 3215 Alex·

626 3238 845 3290 andrum
865 3253 983 3290 eum
1003 3255 1213 3306 semper
1244 3243 1261 3271 ‘
1279 3243 1487 3308 plurimi
1524 3241 1680 3294 fecis·

624 3314 718 3365 se:
749 3315 899 3365 Idem.

694 3391 973 3442 Incredibili
1008 3394 1222 3454 adrestas
1246 3393 1429 3458 dolore]
1455 3394 1578 3447 Seu.
1614 3395 1683 3446 E-

628 3467 755 3532 pist.
796 3472 911 3519 118.
943 3472 960 3499 ⁸
978 3469 1295 3532 Alexander,
1314 3469 1467 3522 modo
1504 3471 1681 3522 occiso

632 3543 799 3591 amico
815 3543 1025 3608 (Clito),
1044 3545 1197 3595 modo
1227 3547 1412 3596 amisso
1426 3546 1678 3612 (Hepha-

629 3617 842 3682 stione).
845 3619 1061 3681 jacebat
1076 3621 1129 3670 in
1151 3623 1377 3672 tenebris
1391 3637 1407 3683 3
1431 3622 1557 3672 alias
1570 3637 1682 3674 sce·

630 3691 731 3754 lus,
761 3691 885 3742 alias
924 3693 1233 3744 desiderium
1255 3711 1401 3747 suum
1430 3711 1679 3749 moerensz

630 3767 801 3818 victor
835 3772 917 3817 tot
946 3783 1125 3834 regum
1160 3777 1318 3837 atque
1356 3774 1682 3838 populorum,

630 3843 725 3894 iro
750 3843 1079 3910 tristitiasque
1102 3849 1405 3898 succubuit!
1435 3851 1586 3900 Iden.

700 3919 1017 3982 Ques-egium
1034 3921 1345 3988 muntem]
1358 3925 1553 3975 Justin.
1575 3939 1683 3975 ιιι.

634 3997 718 4044 la.
743 3998 823 4046 12.
844 3996 861 4023 ‘
880 4005 1063 4046 contra
1084 3996 1242 4047 decus
1262 4000 1455 4062 regium
1472 4000 1487 4021 '
1509 4003 1583 4051 ait
1606 4000 1684 4051 fe-

634 4071 784 4120 clsss.
849 4070 999 4122 Adde
1032 4072 1299 4124 Plutarch.
1333 4089 1450 4138 cap.
1484 4081 1595 4126 128.
1629 4082 1689 4126 et

638 4152 860 4196 canros-
925 4147 1005 4210 ld,
1047 4148 1250 4212 opinor,
1296 4151 1457 4200 voluit
1500 4153 1686 4202 Lucia·

638 4231 733 4269 nus
764 4219 819 4270 in
858 4220 994 4273 Diai.
1036 4223 1295 4275 Μαι-ωσι.
1332 4222 1584 4290 objiciens
1621 4241 1688 4277 ex

1738 2338 1989 2389 vitatibus
2003 2336 2037 2399 ς’
2069 2344 2130 2387 ut
2152 2342 2292 2385 recte
2307 2334 2441 2385 dixit
2461 2335 2598 2399 apud
2619 2335 2786 2385 Tacit.

1739 2426 1830 2464 ur.
1867 2418 1917 2463 6.
1954 2416 2005 2462 Β.
2045 2411 2299 2462 Tiberius.
2361 2410 2490 2461 Ideo
2522 2410 2788 2474 Gregoras

1739 2489 2006 2540 consolans
2027 2488 2378 2538 Andronicum
2397 2487 2522 2540 Jun.
2555 2487 2608 2537 in
2639 2486 2788 2537 obitu

1738 2565 1940 2626 matris,
1967 2566 2202 2615 bortatur
2217 2579 2354 2627 enm,
2375 2571 2435 2613 ut
2454 2563 2626 2628 potius
2647 2571 2790 2613 cete-

1742 2656 1852 2692 ram
1895 2641 2182 2692 Alexandri
2235 2641 2593 2697 constantiam,
2633 2653 2788 2705 qnam

1741 2717 1878 2842 ¹1¹3:
1895 2720 1948 2767 in
1963 2718 2192 2781 lugendo
2201 2717 2468 2768 mollitiem
2481 2717 2791 2766 imitaretur.

1808 2867 2047 2918 Medicus·
2073 2867 2319 2932 suspendi]
2370 2869 2508 2918 Plin.
2541 2879 2704 2918 xxix.
2743 2871 2796 2917 1.

1743 2947 1826 2992 20.
1861 2943 1958 2993 boc
1995 2957 2096 2992 non
2135 2944 2442 2996 meminerit.
2505 2942 2599 2994 Ait
2637 2943 2796 3010 enim,

1744 3018 1761 3046 ‘
1781 3017 1942 3068 Nulla
1962 3019 2066 3076 lex,
2087 3033 2202 3085 qum
2236 3019 2419 3083 puniat
2439 3017 2692 3068 inscitiam
2715 3031 2799 3067 ea·

1747 3095 1982 3158 pitalem,
1997 3095 2190 3145 nullum
2208 3093 2500 3158 exemplum
2521 3091 2799 3155 vindicte,¹

1747 3175 1849 3221 dcc.
1882 3171 1988 3221 Sed
2005 3171 2243 3222 fortassis
2257 3185 2402 3223 suum
2417 3177 2616 3221 tantum
2631 3181 2798 3219 evum

1748 3247 1985 3311 respicit.
2013 3247 2209 3298 Medici
2227 3261 2408 3298 nornen
2421 3245 2579 3297 fuisse
2601 3252 2617 3276 ‘
2635 3245 2800 3296 Glan-

1749 3323 1890 3386 cias,'
1911 3338 1979 3373 ex
1998 3322 2222 3374 Arriano
2241 3337 2340 3375 vrr.
2361 3329 2410 3375 8.
2435 3328 2516 3374 11.
2538 3322 2802 3373 discimus.

1751 3398 1898 3450 Plut.
1941 3413 2060 3463 cap.
2105 3403 2217 3448 188.
2265 3397 2583 3448 ‘Glaucum'
2627 3405 2802 3447 vocat.

1752 3473 1889 3524 lnud
1914 3481 2084 3522 autem
2116 3472 2352 3533 suspendi,
2371 3470 2438 3519 de
2461 3485 2614 3520 cruce
2647 3472 2804 3520 intel-

1750 3548 1884 3609 lige3
1935 3543 2136 3595 collatis
2168 3557 2284 3608 qum
2317 3543 2548 3610 reperies
2579 3557 2692 3608 sup.
2733 3545 2800 3596 ad

1749 3633 1837 3672 rx.
1858 3625 1907 3672 8.
1930 3624 2008 3669 16.
2039 3619 2192 3670 Iden.

1817 3695 1846 3759 5
1876 3698 1940 3744 la
1970 3693 2174 3744 haam
2207 3692 2524 3759 continuavit]
2570 3695 2806 3753 Rectius,

1749 3771 1874 3822 diest
1892 3777 2033 3836 sique
2045 3777 2227 3822 nmen
2243 3773 2374 3822 lucia
2390 3774 2568 3823 contin.
2615 3772 2719 3822 Sed
2741 3772 2808 3822 de

1749 3847 1850 3909 his,
1868 3845 2071 3911 qnando
2092 3847 2326 3897 Curtium
2353 3860 2453 3897 non
2471 3846 2664 3896 babent
2685 3861 2806 3897 auc·

1752 3930 1939 3986 torem,
1961 3923 2168 3973 solliciti
2194 3938 2298 3973 non
2317 3936 2507 3971 sumus.
2559 3924 2805 3973 Ceterum

1754 3998 1992 4064 Polyoen.
2013 4013 2090 4049 iv.
2114 4003 2162 4049 8.
2186 4003 2267 4048 81.
2306 3999 2510 4048 Arrian.
2530 4011 2630 4050 vn.
2650 4003 2698 4048 8.
2725 4001 2805 4048 19.

1755 4083 1812 4125 et
1847 4075 2034 4141 reliqui
2061 4073 2314 4131 scribunt,
2339 4072 2705 4137 Alexandrum,
2737 4074 2808 4122 ad

1757 4151 2085 4201 minuendum
2107 4151 2322 4204 luctum,
2345 4151 2667 4201 Cossaeornm
2703 4155 2808 4198 ter·

1756 4241 1866 4278 ram
1907 4225 2186 4289 subegisse.
2266 4227 2520 4278 Nimirum
2563 4227 2580 4254 ⁴
2597 4226 2810 4290 negotia
