3222 4944
583 316 754 385 1512
1316 332 1529 382 nove
1574 330 2002 383 vAruoauM.

587 486 673 546 lia
700 483 1051 543 talentorum
1077 484 1343 563 impense.
1388 494 1543 543 sunt.
1634 485 1730 542 14.
1775 482 2113 543 Revertenti
2162 480 2527 563 Babylonem
2571 480 2756 541 chal·

586 580 886 651 daeilvates
904 592 1306 653 occurrerunt,
1326 590 1632 640 monentes
1659 597 1733 639 ne
1767 577 2125 658 Babylonem
2154 576 2576 657 ingrederetur.
2617 576 2762 638 Pro·
2809 636 2816 648 ,

586 676 901 736 fectionem
927 674 1081 734 enim
1110 675 1236 755 ejus
1265 695 1369 755 per
1395 676 1456 735 id
1488 686 1719 755 tempus
1767 676 1902 735 vitoe
1943 674 2264 754 periculum
2308 673 2361 734 ei
2388 672 2758 752 portendere.

594 773 689 831 15.
772 770 999 838 Quibus
1043 772 1275 851 spretis,
1323 790 1442 851 quo
1493 770 1894 831 destinaverat
1945 773 2024 830 ire
2069 772 2278 850 pergit.
2360 769 2760 829 Nuntiabatur

585 868 740 927 enim
768 868 841 938 ei,
871 867 1101 945 legatos
1136 887 1211 928 ex
1240 864 1484 927 diversis
1514 876 1798 928 terrarum
1845 866 2000 927 orbis
2041 868 2307 947 partibus
2347 864 2613 944 undique
2641 866 2759 925 Ba-

584 1085 923 1134 monetarum,
978 1078 1352 1142 Ungaricorum
1392 1085 1638 1131 6090909.

586 1150 922 1202 duodenarios
946 1160 1069 1216 tres,
1090 1155 1299 1220 duplum
1326 1170 1498 1214 unum,
1517 1158 1638 1207 sim·

587 1230 732 1293 plum
754 1242 928 1278 unum.
962 1230 1114 1280 Idem.

650 1302 681 1367 ς
702 1308 763 1354 14
786 1304 866 1353 Ne
879 1304 1051 1370 Babyl.
1068 1307 1420 1371 ingrederetur]
1448 1308 1523 1357 Ex
1542 1309 1636 1357 bac

583 1378 797 1429 historia
818 1388 941 1429 nete
962 1388 1043 1430 est
1065 1382 1203 1445 apud
1236 1383 1415 1433 Senec.
1447 1384 1636 1433 suaso·

584 1454 663 1503 ria
685 1468 763 1505 ιν.
784 1456 920 1505 unde
952 1457 1114 1505 multa
1148 1458 1257 1521 peti
1290 1466 1503 1521 possunt
1536 1458 1637 1508 buc

582 1528 845 1581 facientis.
910 1531 1152 1582 Meminit
1174 1542 1230 1582 et
1252 1531 1521 1597 Appianas
1544 1532 1633 1583 lib.

586 1617 651 1654 ιι.
684 1606 938 1656 Civilium.
971 1607 1123 1656 Idem.

656 1681 777 1729 Vita
815 1682 1071 1743 periculum
1109 1682 1423 1745 ponendm]
1462 1684 1631 1735 Quam

582 1768 693 1804 rem
727 1757 882 1805 variis
919 1758 1076 1805 etiam
1114 1756 1364 1805 ominibus
1385 1764 1630 1807 testatam

579 1830 775 1881 ferunt.
810 1831 957 1880 Inter
976 1846 1092 1896 quae
1116 1832 1163 1881 N
1169 1833 1389 1895 iceplror.
1405 1832 1630 1896 Gregor.

580 1904 669 1954 fin.
681 1904 771 1954 lib.
790 1918 844 1954 x.
866 1906 1064 1969 scribit,
1080 1908 1097 1935 ‘
1114 1907 1309 1957 triremi
1332 1922 1630 1971 conscensa,

584 1996 615 2031 e
638 1982 813 2045 capite
835 1982 1088 2033 excidisse
1122 1984 1315 2047 regium
1346 1985 1531 2048 capitis
1555 1990 1632 2035 te·

582 2064 879 2120 gumentum
934 2059 1075 2107 circa
1124 2058 1348 2108 medium
1402 2056 1634 2123 fluvium,

582 2131 721 2195 quod
744 2146 871 2181 unus
896 2133 1080 2196 aliquis
1112 2148 1141 2182 u
1164 2135 1333 2184 nautis
1355 2134 1461 2184 cito
1482 2149 1632 2185 scee-

584 2211 663 2274 pit
683 2216 886 2274 natans,
906 2217 962 2260 et
984 2211 1037 2260 id
1062 2226 1215 2261 manu
1237 2211 1375 2261 ferre
1400 2212 1545 2262 simul
1580 2219 1636 2262 et

582 2293 762 2335 nature
784 2301 885 2336 non
910 2288 1063 2349 potis.
1080 2287 1239 2351 cupiti
1256 2302 1349 2337 suo
1372 2287 1636 2350 imposuit,

582 2360 831 2418 enatavit,
856 2361 921 2411 ad
946 2375 1118 2425 regem
1153 2362 1347 2411 attulit.
1418 2362 1533 2411 Rex
1565 2362 1635 2425 ei,

517 2443 525 2452 '
581 2436 702 2500 quis
736 2437 935 2502 regium
964 2439 1149 2502 eapitis
1185 2438 1344 2490 decus
1380 2446 1632 2503 servaret,

582 2514 834 2564 talentum
856 2514 1028 2576 dedit3
1054 2516 1143 2565 sed
1179 2517 1299 2578 quia
1338 2516 1499 2579 capiti
1538 2531 1631 2565 sno

580 2591 914 2654 imposuerat,
928 2591 1181 2642 bominem
1193 2592 1364 2656 capite
1382 2591 1633 2642 mulctet?

578 2666 683 2715 Sed
722 2667 983 2730 Gregoras
1014 2665 1255 2718 fabellsm
1286 2673 1463 2715 narret
1493 2667 1632 2715 nullo

580 2746 727 2790 certo
761 2749 990 2801 auctore,
1017 2742 1091 2790 ait
1124 2741 1258 2791 Coes.
1292 2741 1630 2806 Bulengerns.

582 2813 695 2863 Imo
728 2814 947 2864 Diodor.
985 2828 1123 2866 xvu.
1161 2820 1273 2866 116.
1308 2816 1447 2866 idem
1470 2817 1630 2867 tradi-

580 2890 693 2950 dit3
727 2898 780 2938 et
801 2889 1007 2938 Arrian.
1032 2902 1131 2939 vu.
1153 2894 1203 2939 Β.
1218 2894 1298 2940 2⁸.
1314 2890 1379 2939 ab
1395 2890 1630 2941 omuibus

578 2963 689 3013 sere
712 2965 860 3013 Alex.
886 2964 1112 3014 historiae
1143 2965 1480 3029 scriptoribus
1510 2981 1628 3032 pro·

578 3039 743 3088 ditum
761 3038 945 3089 innuit.
1000 3039 1104 3090 Sed
1128 3047 1182 3090 et
1201 3043 1218 3070 ‘
1239 3055 1353 3091 cum
1376 3042 1628 3094 moenibus

578 3113 855 3179 Babylonis
890 3115 1303 3180 propinquasset,
1334 3131 1515 3168 corvos
1550 3119 1626 3168 in·

579 3197 661 3241 ter
681 3204 737 3241 se
763 3190 1065 3240 dimicantes
1098 3205 1266 3240 eorem
1290 3207 1353 3241 eo
1374 3193 1628 3243 concidis-

578 3265 673 3330 se,'
728 3267 992 3317 Plutarch.
1050 3266 1201 3318 Alex.
1242 3283 1359 3332 cap.
1405 3272 1517 3319 12⁴.
1572 3276 1629 3319 et

578 3341 807 3392 Zonaras
861 3349 1088 3392 narrant.
1164 3342 1373 3394 Somnio
1422 3358 1627 3410 quoque

576 3417 937 3482 praemonitum
970 3417 1167 3480 ferunt,
1198 3427 1256 3468 ut
1276 3434 1303 3468 s
1338 3415 1626 3470 Cassandro

576 3502 811 3554 caveret3
845 3494 961 3542 Val.
982 3493 1127 3542 Max.
1153 3507 1192 3542 ι.
1216 3497 1265 3542 7.
1284 3498 1332 3542 2.
1354 3503 1463 3544 ext.
1488 3495 1623 3544 vide.

576 3567 743 3617 Valde
772 3569 1011 3631 suspicor
1030 3568 1095 3617 ad
1116 3569 1227 3618 baec
1250 3577 1484 3632 tempora
1506 3583 1623 3633 per-

576 3642 908 3706 tinere,quod
924 3656 987 3691 ex
1009 3643 1275 3693 Nicandro
1293 3643 1455 3693 refert
1466 3644 1623 3695 Athe·

518 3751 528 3764 .
574 3727 714 3768 nri-us
756 3731 849 3767 xv.
890 3721 938 3766 9.
992 3715 1181 3780 ‘Apud
1216 3718 1353 3769 'Coos
1388 3734 1418 3767 e
1448 3727 1624 3770 statua

575 3794 858 3848 Alexandri
897 3800 1098 3843 enatam
1133 3793 1313 3858 fuisse,
1346 3811 1496 3860 quiem
1536 3811 1623 3848 vo-

577 3879 699 3920 cant
718 3869 1035 3920 Ambrosiam
1054 3869 1090 3931 ς’
1112 3869 1164 3918 id
1181 3871 1314 3942 enim
1329 3871 1622 3935 significare

576 3947 868 4008 videbatur,
900 3947 1066 4010 ipsum
1100 3945 1282 3996 deliine
1315 3947 1472 3996 vitam
1502 3962 1622 3998 cum

572 4023 941 4074 immortalibus
971 4029 1223 4072 acturum.
1286 4022 1445 4072 Plura
1483 4023 1622 4088 apud

578 4099 865 4149 ordinarios
912 4105 1168 4160 auctores,
1218 4113 1334 4162 qum
1374 4100 1494 4164 quia
1528 4113 1623 4164 per

575 4185 635 4221 se
656 4173 943 4238 manifesta,
968 4187 1083 4225 raro
1106 4187 1383 4226 monemus.
1454 4174 1622 4226 Fabu-

1707 1083 1807 1131 lam
1831 1088 2004 1131 antem
2031 1086 2290 1144 putamus,
2325 1092 2441 1144 quie
2473 1078 2540 1128 de
2563 1078 2758 1128 arbori-

1706 1154 1802 1204 bus
1843 1157 1894 1205 in
1931 1156 2081 1205 Indis
2118 1154 2365 1213 fatidicis,
2405 1152 2759 1203 commentitia

1709 1229 1991 1280 Alexandri
2008 1230 2258 1293 Epistola,
2273 1228 2461 1292 aliique
2475 1234 2754 1291 nugatores

1707 1308 1956 1369 garriunt.
1993 1306 2144 1355 Idem.

1771 1384 1800 1445 ς
1824 1386 1884 1429 15
1920 1382 2106 1437 Quibus
2126 1378 2323 1443 spretis]
2346 1380 2618 1442 Proecipue
2638 1392 2757 1430 cou-

1703 1456 1938 1507 firmatus
1983 1472 2014 1507 a
2059 1456 2393 1522 philosophis,
2434 1454 2609 1504 istboec
2651 1455 2756 1505 eie-

1705 1531 1964 1596 vantibns,
1983 1540 2040 1581 et
2073 1528 2446 1582 contemnenda
2468 1527 2754 1592 Judieanti·

1701 1606 2055 1657 bns.Diodor.
2095 1619 2242 1656 xvir.
2293 1608 2404 1655 112.
2481 1604 2570 1654 Sic
2615 1605 2754 1668 apud

1701 1683 1994 1735 Marcellin.
2009 1686 2092 1731 2⁸.
2107 1685 2187 1732 18.
2217 1680 2462 1730 Hetrusci
2477 1680 2759 1744 aruspices,

1700 1759 1788 1824 qui
1810 1760 2010 1808 leonem
2045 1756 2270 1807 occisum
2302 1755 2497 1806 Julieni
2533 1762 2754 1805 mortem

1699 1829 2758 1897 portenderesignificabant,‘calcabantur

1699 1908 2017 1973 pbilosophis
2086 1905 2483 1971 refragentibus,
2537 1918 2792 1975 quorum¹

1702 1984 1986 2034 reverenda
2021 1990 2144 2033 tunc
2186 1989 2300 2031 eret
2335 1981 2636 2046 auctoritas,
2671 1995 2754 2031 er-

1701 2060 1924 2109 rantium
1959 2058 2199 2121 subinde,
2218 2058 2349 2108 etin
2373 2071 2556 2122 parum
2577 2056 2753 2121 cogni·

1703 2136 1769 2185 tis
1792 2134 2230 2198 perseverantium
2255 2134 2378 2185 diu.’
2413 2134 2636 2184 Freinsh.

1767 2211 1975 2274 Legata
1991 2210 2218 2275 undique]
2252 2210 2405 2264 Quod
2431 2210 2613 2261 merito
2636 2210 2752 2261 feli-

1703 2288 1883 2338 citatis
1917 2294 2273 2353 argumentum
2305 2300 2418 2336 esse
2455 2287 2752 2336 Psscbeiius

1707 2363 1892 2427 Legati
1925 2377 2042 2426 cap.
2077 2367 2160 2416 86.
2193 2360 2429 2419 affirmat,
2463 2368 2520 2411 et
2556 2362 2752 2427 aliquot

1702 2440 1951 2504 exemplis
1975 2440 2218 2491 illustrat.
2271 2437 2512 2488 Ceterum
2535 2437 2750 2490 Diodor.

1703 2527 1847 2565 xvu.
1894 2519 2006 2565 11⁸.
2051 2515 2283 2579 explicat
2325 2527 2534 2564 caussas
2571 2515 2750 2566 harum

1701 2590 2037 2656 legationum,
2061 2598 2120 2640 nt
2151 2596 2205 2639 et
2225 2589 2430 2640 Arrian.
2457 2605 2559 2641 vn.
2591 2595 2638 2640 3.
2670 2595 2752 2641 21.

1705 2666 1791 2716 ubi
1827 2667 1982 2716 etism
2015 2665 2334 2730 disquiritur,
2356 2680 2420 2716 an
2442 2673 2498 2716 et
2535 2667 2748 2716 Romani

1703 2740 1756 2788 in
1782 2742 1844 2789 iis
1866 2740 2078 2789 fuerint.
2114 2740 2266 2791 Oros.
2304 2755 2389 2791 m.
2419 2745 2502 2791 2⁰.
2535 2741 2610 2806 (in
2644 2755 2764 2806 quo*

1702 2822 1760 2864 et
1793 2815 2008 2865 ridiculo
2033 2815 2220 2865 mendo
2241 2817 2258 2844 ‘
2275 2815 2534 2879 Hispanus
2555 2815 2750 2866 Mauri-

1701 2890 1832 2951 nus,’
1869 2904 1963 2955 pro
2007 2898 2021 2920 ‘
2039 2890 2190 2956 Hisp.
2253 2899 2308 2941 et
2357 2891 2570 2942 Maurus
2589 2891 2632 2956 ')
2683 2905 2751 2942 ex

1701 2967 1716 2995 ⁸
1737 2967 1958 3030 plurima
1995 2975 2143 3031 parte
2181 2967 2381 3017 Italiae’
2410 2967 2610 3017 venisse
2642 2974 2748 3016 tra-

1699 3042 1814 3093 dit:
1848 3044 2039 3096 Justin.
2081 3057 2188 3094 111.
2230 3047 2309 3092 1⁸.
2347 3047 2394 3092 1.
2435 3042 2744 3091 ‘nonnullas

1697 3133 1902 3185 quoque
1925 3135 1993 3169 ex
2016 3118 2198 3170 Italia?
2239 3118 2351 3168 Liv.
2373 3129 2450 3170 rx.
2473 3122 2552 3168 18.
2570 3123 2618 3170 5.
2639 3124 2746 3168 stu·

1699 3195 1785 3243 dio
1819 3191 2097 3244 extollendi
2132 3194 2359 3243 Romana
2390 3201 2587 3243 temere
2610 3192 2747 3241 vide·

1700 3276 1782 3320 tur
1818 3270 2108 3334 prolapsus,
2130 3274 2190 3319 ut
2214 3269 2433 3331 diceret,
2457 3269 2473 3298 ⁴
2492 3269 2648 3319 Alex.
2667 3269 2746 3319 Μ.

1696 3359 1763 3394 ne
1782 3344 1918 3395 fame
1941 3345 2146 3410 quidem
2171 3346 2362 3408 populo
2389 3347 2452 3394 R.
2481 3345 2746 3407 cognitum

1694 3418 1892 3471 fnisse!
1955 3419 2108 3473 Quod
2143 3425 2313 3466 tumen
2342 3420 2598 3478 persuasit
2618 3419 2744 3468 Viro

1695 3495 1888 3558 Magno
1908 3495 1958 3542 in
1983 3492 2118 3541 uotis
2137 3489 2200 3539 ad
2224 3489 2586 3552 Lsmpridium.
2638 3492 2745 3540 Ve-

1694 3582 1806 3617 rum
1837 3569 1936 3616 ‘ex
1970 3567 2048 3627 iis,
2068 3566 2155 3630 qui
2187 3564 2255 3614 de
2276 3564 2560 3615 Alexandri
2589 3565 2744 3617 rebus

1695 3643 1852 3708 gestis
1883 3642 2220 3704 scripserunt,
2252 3641 2460 3691 Aristus
2485 3648 2543 3691 et
2563 3640 2742 3693 Ascle·

1695 3716 1903 3782 piades'
1941 3719 2224 3780 legatorum
2266 3717 2411 3768 Rom.
2449 3731 2742 3781 expressam

1693 3793 2000 3842 mentionem
2031 3791 2267 3843 fecerunt
2289 3793 2427 3857 apud
2449 3792 2742 3844 Arrienum.

1693 3867 1892 3922 Quibus
1925 3867 2045 3917 eddi
2079 3875 2252 3932 potest
2283 3868 2570 3918 Clitarchus
2601 3869 2742 3934 apud

1693 3945 1831 3996 Pliu.
1853 3957 1940 3994 ur.
1961 3950 2009 3994 5.
2032 3948 2112 3993 80.
2177 3943 2440 4007 Hispanos
2461 3944 2664 4008 quidem
2687 3951 2744 3994 et

1693 4021 1874 4072 Gallos
1911 4021 2230 4084 Babylonem
2271 4027 2379 4070 tum
2417 4022 2632 4084 misisse,
2667 4021 2741 4071 eit

1693 4097 1832 4149 Hist.
1865 4096 2103 4146 Miscella
2123 4109 2222 4145 vu.
2243 4097 2323 4144 14.
2357 4109 2425 4144 ex
2458 4097 2628 4148 Orosii
2661 4109 2738 4146 vr.

1690 4177 1776 4226 21.
1797 4174 1912 4226 loco
1935 4169 2182 4224 notabili:
2207 4169 2294 4222 ubi
2315 4185 2436 4222 cum
2453 4169 2738 4222 Alexandri
