<?xml version="1.0" encoding="UTF-8"?>
<!DOCTYPE html PUBLIC "-//W3C//DTD XHTML 1.0 Transitional//EN"
    "http://www.w3.org/TR/xhtml1/DTD/xhtml1-transitional.dtd">
<html xmlns="http://www.w3.org/1999/xhtml" xml:lang="en" lang="en">
 <head>
  <title>
</title>
<meta http-equiv="Content-Type" content="text/html;charset=utf-8" />
  <meta name='ocr-system' content='tesseract 3.04.00' />
  <meta name='ocr-capabilities' content='ocr_page ocr_carea ocr_par ocr_line ocrx_word'/>
</head>
<body>
  <div class='ocr_page' id='page_1' title='image "./quinticurtiiruf04rufugoog_0374.png"; bbox 0 0 3222 4944; ppageno 0'>
   <div class='ocr_carea' id='block_1_1' title="bbox 569 383 2105 466">
    <p class='ocr_par' dir='ltr' id='par_1_1' title="bbox 569 383 2105 466">
     <span class='ocr_line' id='line_1_1' title="bbox 569 383 2105 466; baseline 0.01 -18"><span class='ocrx_word' id='word_1_1' title='bbox 569 383 742 450; x_wconf 85' lang='grc'><strong>1612</strong></span> <span class='ocrx_word' id='word_1_2' title='bbox 1235 407 1623 460; x_wconf 69' lang='lat' dir='ltr'><strong>ascensus</strong></span> <span class='ocrx_word' id='word_1_3' title='bbox 1678 413 2105 466; x_wconf 65' lang='lat' dir='ltr'><strong>nutrior-cun</strong></span> 
     </span>
    </p>
   </div>
   <div class='ocr_carea' id='block_1_2' title="bbox 570 555 2781 714">
    <p class='ocr_par' dir='ltr' id='par_1_2' title="bbox 570 555 2781 714">
     <span class='ocr_line' id='line_1_2' title="bbox 570 555 2781 710; baseline 0.011 -100"><span class='ocrx_word' id='word_1_4' title='bbox 570 650 591 709; x_wconf 71' lang='lat'><strong>¹</strong></span> <span class='ocrx_word' id='word_1_5' title='bbox 657 555 1052 710; x_wconf 45' lang='lat' dir='ltr'><strong>{7227THagae</strong></span> <span class='ocrx_word' id='word_1_6' title='bbox 1082 558 1254 620; x_wconf 88' lang='lat' dir='ltr'><strong>Com.</strong></span> <span class='ocrx_word' id='word_1_7' title='bbox 1292 561 1384 620; x_wconf 90' lang='grc'><strong>12.</strong></span> <span class='ocrx_word' id='word_1_8' title='bbox 1427 581 1564 624; x_wconf 81' lang='lat' dir='ltr'><strong>eum</strong></span> <span class='ocrx_word' id='word_1_9' title='bbox 1593 563 1979 628; x_wconf 86' lang='lat' dir='ltr'><strong>Freinshemii</strong></span> <span class='ocrx_word' id='word_1_10' title='bbox 2006 569 2314 650; x_wconf 86' lang='lat' dir='ltr'><strong>Supplem.</strong></span> <span class='ocrx_word' id='word_1_11' title='bbox 2359 578 2422 632; x_wconf 83' lang='lat' dir='ltr'><strong>et</strong></span> <span class='ocrx_word' id='word_1_12' title='bbox 2448 591 2509 634; x_wconf 86' lang='lat' dir='ltr'><strong>e.</strong></span> <span class='ocrx_word' id='word_1_13' title='bbox 2539 591 2600 630; x_wconf 96' lang='grc' dir='ltr'><strong>ιι.</strong></span> <span class='ocrx_word' id='word_1_14' title='bbox 2640 573 2781 634; x_wconf 80' lang='lat' dir='ltr'><strong>Oel-</strong></span> 
     </span>
     <span class='ocr_line' id='line_1_3' title="bbox 595 669 2421 714; baseline 0.006 -4"><span class='ocrx_word' id='word_1_15' title='bbox 595 669 725 714; x_wconf 89' lang='lat' dir='ltr'><strong>arn.</strong></span> <span class='ocrx_word' id='word_1_16' title='bbox 871 670 994 712; x_wconf 88' lang='lat' dir='ltr'><strong>om.</strong></span> <span class='ocrx_word' id='word_1_17' title='bbox 2412 699 2421 706; x_wconf 88' lang='lat'><strong>·</strong></span> 
     </span>
    </p>
   </div>
   <div class='ocr_carea' id='block_1_3' title="bbox 658 749 2211 926">
    <p class='ocr_par' dir='ltr' id='par_1_3' title="bbox 658 749 2211 926">
     <span class='ocr_line' id='line_1_4' title="bbox 659 749 2211 828; baseline 0.012 -23"><span class='ocrx_word' id='word_1_18' title='bbox 659 749 816 808; x_wconf 88' lang='grc'>1730</span> <span class='ocrx_word' id='word_1_19' title='bbox 855 750 1096 828; x_wconf 71' lang='lat' dir='ltr'><strong>Lipsiae.</strong></span> <span class='ocrx_word' id='word_1_20' title='bbox 1131 755 1229 814; x_wconf 83' lang='lat'><strong>12.</strong></span> <span class='ocrx_word' id='word_1_21' title='bbox 1259 774 1315 814; x_wconf 86' lang='lat' dir='ltr'><strong>c.</strong></span> <span class='ocrx_word' id='word_1_22' title='bbox 1337 775 1399 815; x_wconf 93' lang='grc' dir='ltr'><strong>ιι.</strong></span> <span class='ocrx_word' id='word_1_23' title='bbox 1429 757 1506 816; x_wconf 90' lang='lat' dir='ltr'><strong>ad</strong></span> <span class='ocrx_word' id='word_1_24' title='bbox 1535 757 1781 818; x_wconf 86' lang='lat' dir='ltr'><strong>modum</strong></span> <span class='ocrx_word' id='word_1_25' title='bbox 1809 760 1908 820; x_wconf 88' lang='lat' dir='ltr'><strong>Jo.</strong></span> <span class='ocrx_word' id='word_1_26' title='bbox 1940 761 2211 824; x_wconf 86' lang='lat' dir='ltr'><strong>Minellii.</strong></span> 
     </span>
     <span class='ocr_line' id='line_1_5' title="bbox 658 843 2009 926; baseline 0.011 -24"><span class='ocrx_word' id='word_1_27' title='bbox 658 843 816 906; x_wconf 87' lang='grc'><strong>1734</strong></span> <span class='ocrx_word' id='word_1_28' title='bbox 857 846 1013 926; x_wconf 83' lang='lat' dir='ltr'><strong>Aug.</strong></span> <span class='ocrx_word' id='word_1_29' title='bbox 1043 845 1225 910; x_wconf 84' lang='lat' dir='ltr'><strong>vind.</strong></span> <span class='ocrx_word' id='word_1_30' title='bbox 1259 853 1317 909; x_wconf 88' lang='lat'><strong>8.</strong></span> <span class='ocrx_word' id='word_1_31' title='bbox 1347 873 1403 912; x_wconf 88' lang='lat' dir='ltr'><strong>c.</strong></span> <span class='ocrx_word' id='word_1_32' title='bbox 1435 873 1496 914; x_wconf 91' lang='grc' dir='ltr'><strong>ιι.</strong></span> <span class='ocrx_word' id='word_1_33' title='bbox 1524 853 1731 916; x_wconf 83' lang='lat' dir='ltr'><strong>Germ.</strong></span> <span class='ocrx_word' id='word_1_34' title='bbox 1761 857 2009 917; x_wconf 87' lang='lat' dir='ltr'><strong>Sinceri.</strong></span> 
     </span>
    </p>
   </div>
   <div class='ocr_carea' id='block_1_4' title="bbox 513 942 2783 4127">
    <p class='ocr_par' dir='ltr' id='par_1_4' title="bbox 657 942 1863 1022">
     <span class='ocr_line' id='line_1_6' title="bbox 657 942 1863 1022; baseline 0.009 -21"><span class='ocrx_word' id='word_1_35' title='bbox 657 943 813 1001; x_wconf 87' lang='grc'><strong>1737</strong></span> <span class='ocrx_word' id='word_1_36' title='bbox 858 942 1261 1022; x_wconf 85' lang='lat' dir='ltr'><strong>Regiomonti.</strong></span> <span class='ocrx_word' id='word_1_37' title='bbox 1299 950 1393 1010; x_wconf 85' lang='lat'><strong>12.</strong></span> <span class='ocrx_word' id='word_1_38' title='bbox 1423 969 1476 1010; x_wconf 89' lang='lat' dir='ltr'><strong>c.</strong></span> <span class='ocrx_word' id='word_1_39' title='bbox 1503 971 1566 1009; x_wconf 87' lang='grc' dir='ltr'><strong>ιι.</strong></span> <span class='ocrx_word' id='word_1_40' title='bbox 1594 952 1863 1014; x_wconf 77' lang='lat' dir='ltr'><strong>cellarii.</strong></span> 
     </span>
    </p>

    <p class='ocr_par' dir='ltr' id='par_1_5' title="bbox 651 1040 2699 1226">
     <span class='ocr_line' id='line_1_7' title="bbox 651 1040 2699 1136; baseline 0.009 -39"><span class='ocrx_word' id='word_1_41' title='bbox 651 1072 735 1084; x_wconf 89' lang='lat'><em>-</em></span> <span class='ocrx_word' id='word_1_42' title='bbox 775 1040 1012 1120; x_wconf 65' lang='lat' dir='ltr'><strong>Lipsiae.</strong></span> <span class='ocrx_word' id='word_1_43' title='bbox 1047 1044 1144 1102; x_wconf 87' lang='grc'><strong>12.</strong></span> <span class='ocrx_word' id='word_1_44' title='bbox 1163 1064 1220 1107; x_wconf 85' lang='lat' dir='ltr'><strong>c.</strong></span> <span class='ocrx_word' id='word_1_45' title='bbox 1249 1063 1466 1106; x_wconf 85' lang='lat' dir='ltr'><strong>comm.</strong></span> <span class='ocrx_word' id='word_1_46' title='bbox 1495 1047 1737 1109; x_wconf 85' lang='lat' dir='ltr'><strong>Cellarii</strong></span> <span class='ocrx_word' id='word_1_47' title='bbox 1763 1058 1827 1109; x_wconf 85' lang='lat' dir='ltr'><strong>et</strong></span> <span class='ocrx_word' id='word_1_48' title='bbox 1853 1051 2079 1112; x_wconf 79' lang='lat' dir='ltr'><strong>notulis</strong></span> <span class='ocrx_word' id='word_1_49' title='bbox 2108 1052 2253 1113; x_wconf 86' lang='lat' dir='ltr'><strong>Chr.</strong></span> <span class='ocrx_word' id='word_1_50' title='bbox 2282 1053 2699 1136; x_wconf 80' lang='lat' dir='ltr'><strong>Schoettgenii.</strong></span> 
     </span>
     <span class='ocr_line' id='line_1_8' title="bbox 656 1137 1991 1226; baseline 0.011 -33"><span class='ocrx_word' id='word_1_51' title='bbox 656 1137 811 1195; x_wconf 84' lang='lat'><strong>1738</strong></span> <span class='ocrx_word' id='word_1_52' title='bbox 855 1137 1224 1218; x_wconf 84' lang='lat' dir='ltr'><strong>Pedepondi.</strong></span> <span class='ocrx_word' id='word_1_53' title='bbox 1256 1144 1315 1202; x_wconf 89' lang='grc'><strong>8.</strong></span> <span class='ocrx_word' id='word_1_54' title='bbox 1344 1162 1482 1203; x_wconf 85' lang='lat' dir='ltr'><strong>cum</strong></span> <span class='ocrx_word' id='word_1_55' title='bbox 1510 1145 1669 1205; x_wconf 77' lang='lat' dir='ltr'><strong>notis</strong></span> <span class='ocrx_word' id='word_1_56' title='bbox 1699 1145 1991 1226; x_wconf 81' lang='lat' dir='ltr'><strong>Desingii.</strong></span> 
     </span>
    </p>

    <p class='ocr_par' dir='ltr' id='par_1_6' title="bbox 657 1234 2174 1314">
     <span class='ocr_line' id='line_1_9' title="bbox 657 1234 2174 1314; baseline 0.009 -21"><span class='ocrx_word' id='word_1_57' title='bbox 657 1235 812 1294; x_wconf 85' lang='lat'>1740</span> <span class='ocrx_word' id='word_1_58' title='bbox 854 1234 1092 1314; x_wconf 80' lang='lat' dir='ltr'><strong>Lipsiae.</strong></span> <span class='ocrx_word' id='word_1_59' title='bbox 1125 1240 1220 1298; x_wconf 84' lang='lat'><strong>12.</strong></span> <span class='ocrx_word' id='word_1_60' title='bbox 1249 1259 1307 1300; x_wconf 89' lang='lat' dir='ltr'><strong>e.</strong></span> <span class='ocrx_word' id='word_1_61' title='bbox 1334 1239 1492 1302; x_wconf 87' lang='lat' dir='ltr'><strong>notis</strong></span> <span class='ocrx_word' id='word_1_62' title='bbox 1521 1241 1598 1301; x_wconf 88' lang='lat' dir='ltr'><strong>ad</strong></span> <span class='ocrx_word' id='word_1_63' title='bbox 1629 1243 1873 1304; x_wconf 85' lang='lat' dir='ltr'><strong>modum</strong></span> <span class='ocrx_word' id='word_1_64' title='bbox 1900 1244 2174 1307; x_wconf 85' lang='lat' dir='ltr'><strong>Minellii.</strong></span> 
     </span>
    </p>

    <p class='ocr_par' dir='ltr' id='par_1_7' title="bbox 513 1330 1731 1416">
     <span class='ocr_line' id='line_1_10' title="bbox 513 1330 1731 1416; baseline 0.012 -32"><span class='ocrx_word' id='word_1_65' title='bbox 513 1405 522 1416; x_wconf 45' lang='grc'><strong><em>.</em></strong></span> <span class='ocrx_word' id='word_1_66' title='bbox 650 1361 734 1375; x_wconf 91' lang='lat'><strong>--</strong></span> <span class='ocrx_word' id='word_1_67' title='bbox 779 1330 1231 1398; x_wconf 81' lang='lat' dir='ltr'><strong>Amstelodami.</strong></span> <span class='ocrx_word' id='word_1_68' title='bbox 1268 1339 1363 1397; x_wconf 88' lang='grc'><strong>12.</strong></span> <span class='ocrx_word' id='word_1_69' title='bbox 1393 1337 1602 1398; x_wconf 88' lang='lat' dir='ltr'><strong>eadem</strong></span> <span class='ocrx_word' id='word_1_70' title='bbox 1634 1339 1731 1400; x_wconf 86' lang='lat' dir='ltr'><strong>ed.</strong></span> 
     </span>
    </p>

    <p class='ocr_par' dir='ltr' id='par_1_8' title="bbox 547 1427 2494 1498">
     <span class='ocr_line' id='line_1_11' title="bbox 547 1427 2494 1498; baseline 0.011 -13"><span class='ocrx_word' id='word_1_71' title='bbox 547 1466 554 1472; x_wconf 80' lang='lat'><strong>·</strong></span> <span class='ocrx_word' id='word_1_72' title='bbox 657 1427 813 1487; x_wconf 84' lang='lat'><strong>1743</strong></span> <span class='ocrx_word' id='word_1_73' title='bbox 855 1427 1106 1490; x_wconf 86' lang='lat' dir='ltr'><strong>Brunsv.</strong></span> <span class='ocrx_word' id='word_1_74' title='bbox 1129 1434 1228 1491; x_wconf 87' lang='grc'><strong>12.</strong></span> <span class='ocrx_word' id='word_1_75' title='bbox 1250 1452 1306 1493; x_wconf 90' lang='lat' dir='ltr'><strong>e.</strong></span> <span class='ocrx_word' id='word_1_76' title='bbox 1335 1433 1492 1494; x_wconf 81' lang='lat' dir='ltr'><strong>notis</strong></span> <span class='ocrx_word' id='word_1_77' title='bbox 1523 1435 1821 1498; x_wconf 85' lang='lat' dir='ltr'><strong>Loccenii.</strong></span> <span class='ocrx_word' id='word_1_78' title='bbox 2486 1475 2494 1484; x_wconf 91' lang='lat'><strong>·</strong></span> 
     </span>
    </p>

    <p class='ocr_par' dir='ltr' id='par_1_9' title="bbox 570 1523 2781 1704">
     <span class='ocr_line' id='line_1_12' title="bbox 658 1523 2781 1614; baseline 0.006 -33"><span class='ocrx_word' id='word_1_79' title='bbox 658 1523 814 1584; x_wconf 88' lang='grc'><strong>1745</strong></span> <span class='ocrx_word' id='word_1_80' title='bbox 855 1526 1094 1605; x_wconf 75' lang='lat' dir='ltr'><strong>Lipsiae.</strong></span> <span class='ocrx_word' id='word_1_81' title='bbox 1151 1530 1245 1588; x_wconf 93' lang='grc'><strong>12.</strong></span> <span class='ocrx_word' id='word_1_82' title='bbox 1294 1550 1350 1591; x_wconf 89' lang='lat' dir='ltr'><strong>c.</strong></span> <span class='ocrx_word' id='word_1_83' title='bbox 1398 1533 1835 1593; x_wconf 87' lang='lat' dir='ltr'><strong>commentariis</strong></span> <span class='ocrx_word' id='word_1_84' title='bbox 1886 1532 2230 1614; x_wconf 74' lang='lat' dir='ltr'>christoph.</span> <span class='ocrx_word' id='word_1_85' title='bbox 2280 1534 2523 1595; x_wconf 88' lang='lat' dir='ltr'><strong>Cellarii</strong></span> <span class='ocrx_word' id='word_1_86' title='bbox 2560 1544 2623 1596; x_wconf 82' lang='lat' dir='ltr'><strong>et</strong></span> <span class='ocrx_word' id='word_1_87' title='bbox 2670 1551 2781 1594; x_wconf 87' lang='lat' dir='ltr'><strong>no·</strong></span> 
     </span>
     <span class='ocr_line' id='line_1_13' title="bbox 570 1617 1721 1704; baseline 0.01 -26"><span class='ocrx_word' id='word_1_88' title='bbox 570 1617 712 1680; x_wconf 85' lang='lat' dir='ltr'><strong>tulis</strong></span> <span class='ocrx_word' id='word_1_89' title='bbox 742 1621 884 1682; x_wconf 86' lang='lat' dir='ltr'><strong>Chr.</strong></span> <span class='ocrx_word' id='word_1_90' title='bbox 916 1623 1322 1704; x_wconf 84' lang='lat' dir='ltr'><strong>Sehoettgenii.</strong></span> <span class='ocrx_word' id='word_1_91' title='bbox 1706 1654 1721 1666; x_wconf 69' lang='lat'>=</span> 
     </span>
    </p>

    <p class='ocr_par' dir='ltr' id='par_1_10' title="bbox 649 1711 2089 1799">
     <span class='ocr_line' id='line_1_14' title="bbox 649 1711 2089 1799; baseline 0.006 -23"><span class='ocrx_word' id='word_1_92' title='bbox 649 1751 733 1764; x_wconf 89' lang='lat'><strong>—</strong></span> <span class='ocrx_word' id='word_1_93' title='bbox 773 1719 930 1799; x_wconf 86' lang='lat' dir='ltr'><strong>Aug.</strong></span> <span class='ocrx_word' id='word_1_94' title='bbox 959 1711 1138 1782; x_wconf 79' lang='lat' dir='ltr'><strong>vind.</strong></span> <span class='ocrx_word' id='word_1_95' title='bbox 1176 1725 1234 1783; x_wconf 91' lang='lat'><strong>8.</strong></span> <span class='ocrx_word' id='word_1_96' title='bbox 1264 1743 1320 1784; x_wconf 90' lang='lat' dir='ltr'><strong>c.</strong></span> <span class='ocrx_word' id='word_1_97' title='bbox 1349 1744 1409 1783; x_wconf 91' lang='lat' dir='ltr'><strong>n.</strong></span> <span class='ocrx_word' id='word_1_98' title='bbox 1443 1725 1648 1786; x_wconf 85' lang='lat' dir='ltr'><strong>Germ.</strong></span> <span class='ocrx_word' id='word_1_99' title='bbox 1682 1727 1816 1788; x_wconf 90' lang='lat' dir='ltr'><strong>Em.</strong></span> <span class='ocrx_word' id='word_1_100' title='bbox 1844 1725 2089 1787; x_wconf 85' lang='lat' dir='ltr'><strong>Sinceri.</strong></span> 
     </span>
    </p>

    <p class='ocr_par' dir='ltr' id='par_1_11' title="bbox 651 1815 1475 1881">
     <span class='ocr_line' id='line_1_15' title="bbox 651 1815 1475 1881; baseline 0.01 -8"><span class='ocrx_word' id='word_1_101' title='bbox 651 1847 736 1860; x_wconf 92' lang='lat'><strong>·-</strong></span> <span class='ocrx_word' id='word_1_102' title='bbox 775 1815 972 1878; x_wconf 79' lang='lat' dir='ltr'><strong>Haloe.</strong></span> <span class='ocrx_word' id='word_1_103' title='bbox 997 1821 1104 1880; x_wconf 82' lang='grc'><strong>’12.</strong></span> <span class='ocrx_word' id='word_1_104' title='bbox 1138 1821 1270 1880; x_wconf 82' lang='lat' dir='ltr'><strong>sine</strong></span> <span class='ocrx_word' id='word_1_105' title='bbox 1297 1822 1475 1881; x_wconf 84' lang='lat' dir='ltr'><strong>notis.</strong></span> 
     </span>
    </p>

    <p class='ocr_par' dir='ltr' id='par_1_12' title="bbox 570 1913 2777 2088">
     <span class='ocr_line' id='line_1_16' title="bbox 655 1913 2777 2002; baseline 0.005 -34"><span class='ocrx_word' id='word_1_106' title='bbox 655 1913 812 1970; x_wconf 86' lang='grc'><strong>1746</strong></span> <span class='ocrx_word' id='word_1_107' title='bbox 855 1913 1127 1978; x_wconf 89' lang='lat' dir='ltr'><strong>Londini.</strong></span> <span class='ocrx_word' id='word_1_108' title='bbox 1158 1919 1218 1978; x_wconf 91' lang='lat'><strong>8.</strong></span> <span class='ocrx_word' id='word_1_109' title='bbox 1249 1917 1392 1978; x_wconf 84' lang='lat' dir='ltr'><strong>min.</strong></span> <span class='ocrx_word' id='word_1_110' title='bbox 1421 1918 1496 1987; x_wconf 87' lang='lat' dir='ltr'><strong>Q.</strong></span> <span class='ocrx_word' id='word_1_111' title='bbox 1527 1918 1768 1979; x_wconf 82' lang='lat' dir='ltr'><strong>Curtius</strong></span> <span class='ocrx_word' id='word_1_112' title='bbox 1800 1919 2017 1982; x_wconf 82' lang='lat' dir='ltr'><strong>Rufus.</strong></span> <span class='ocrx_word' id='word_1_113' title='bbox 2049 1918 2241 1982; x_wconf 86' lang='lat' dir='ltr'><strong>Lond.</strong></span> <span class='ocrx_word' id='word_1_114' title='bbox 2274 1918 2435 2002; x_wconf 78' lang='lat' dir='ltr'><strong>typis</strong></span> <span class='ocrx_word' id='word_1_115' title='bbox 2463 1919 2526 1979; x_wconf 88' lang='lat' dir='ltr'><strong>J.</strong></span> <span class='ocrx_word' id='word_1_116' title='bbox 2554 1917 2777 1980; x_wconf 81' lang='lat' dir='ltr'><strong>Brind-</strong></span> 
     </span>
     <span class='ocr_line' id='line_1_17' title="bbox 570 2006 928 2088; baseline 0.014 -22"><span class='ocrx_word' id='word_1_117' title='bbox 570 2006 690 2088; x_wconf 79' lang='lat' dir='ltr'><strong>ley.</strong></span> <span class='ocrx_word' id='word_1_118' title='bbox 720 2011 758 2068; x_wconf 88' lang='grc'><strong>2</strong></span> <span class='ocrx_word' id='word_1_119' title='bbox 784 2009 928 2071; x_wconf 87' lang='lat' dir='ltr'><strong>voll.</strong></span> 
     </span>
    </p>

    <p class='ocr_par' dir='ltr' id='par_1_13' title="bbox 569 2107 2783 2386">
     <span class='ocr_line' id='line_1_18' title="bbox 650 2107 2777 2192; baseline 0.002 -26"><span class='ocrx_word' id='word_1_120' title='bbox 650 2139 740 2152; x_wconf 97' lang='lat'><strong>—</strong></span> <span class='ocrx_word' id='word_1_121' title='bbox 781 2107 1040 2169; x_wconf 83' lang='lat' dir='ltr'><strong>Berolini</strong></span> <span class='ocrx_word' id='word_1_122' title='bbox 1071 2115 1146 2186; x_wconf 83' lang='lat' dir='ltr'><strong>(s.</strong></span> <span class='ocrx_word' id='word_1_123' title='bbox 1175 2110 1394 2186; x_wconf 80' lang='lat' dir='ltr'><strong>Ulmae)</strong></span> <span class='ocrx_word' id='word_1_124' title='bbox 1416 2115 1474 2171; x_wconf 89' lang='lat'><strong>8.</strong></span> <span class='ocrx_word' id='word_1_125' title='bbox 1504 2131 1641 2172; x_wconf 85' lang='lat' dir='ltr'><strong>cum</strong></span> <span class='ocrx_word' id='word_1_126' title='bbox 1662 2114 1973 2192; x_wconf 86' lang='lat' dir='ltr'><strong>Supplem.</strong></span> <span class='ocrx_word' id='word_1_127' title='bbox 2006 2113 2419 2186; x_wconf 84' lang='lat' dir='ltr'><strong>Freinshemii‚</strong></span> <span class='ocrx_word' id='word_1_128' title='bbox 2447 2129 2591 2172; x_wconf 84' lang='lat' dir='ltr'><strong>eura</strong></span> <span class='ocrx_word' id='word_1_129' title='bbox 2612 2111 2679 2173; x_wconf 83' lang='lat' dir='ltr'><strong>J.</strong></span> <span class='ocrx_word' id='word_1_130' title='bbox 2703 2109 2777 2171; x_wconf 88' lang='lat' dir='ltr'><strong>P.</strong></span> 
     </span>
     <span class='ocr_line' id='line_1_19' title="bbox 569 2205 2783 2290; baseline 0.001 -24"><span class='ocrx_word' id='word_1_131' title='bbox 569 2205 810 2280; x_wconf 82' lang='lat' dir='ltr'><strong>Mineri,</strong></span> <span class='ocrx_word' id='word_1_132' title='bbox 863 2205 1071 2266; x_wconf 84' lang='lat' dir='ltr'><strong>addita</strong></span> <span class='ocrx_word' id='word_1_133' title='bbox 1115 2207 1386 2268; x_wconf 79' lang='lat' dir='ltr'><strong>versione</strong></span> <span class='ocrx_word' id='word_1_134' title='bbox 1429 2208 1667 2270; x_wconf 85' lang='lat' dir='ltr'><strong>Gallica</strong></span> <span class='ocrx_word' id='word_1_135' title='bbox 1722 2208 2090 2290; x_wconf 83' lang='lat' dir='ltr'><strong>Vaugelasii.</strong></span> <span class='ocrx_word' id='word_1_136' title='bbox 2180 2210 2372 2271; x_wconf 85' lang='lat' dir='ltr'><strong>Berol.</strong></span> <span class='ocrx_word' id='word_1_137' title='bbox 2420 2228 2519 2290; x_wconf 84' lang='lat' dir='ltr'><strong>ap.</strong></span> <span class='ocrx_word' id='word_1_138' title='bbox 2576 2207 2783 2268; x_wconf 85' lang='lat' dir='ltr'><strong>Ambr.</strong></span> 
     </span>
     <span class='ocr_line' id='line_1_20' title="bbox 572 2302 2049 2386; baseline 0.004 -25"><span class='ocrx_word' id='word_1_139' title='bbox 572 2302 815 2375; x_wconf 85' lang='lat' dir='ltr'><strong>Haude,</strong></span> <span class='ocrx_word' id='word_1_140' title='bbox 843 2305 996 2384; x_wconf 78' lang='lat' dir='ltr'><strong>typis</strong></span> <span class='ocrx_word' id='word_1_141' title='bbox 1027 2303 1313 2384; x_wconf 84' lang='lat' dir='ltr'><strong>Wagneri</strong></span> <span class='ocrx_word' id='word_1_142' title='bbox 1335 2305 1693 2386; x_wconf 80' lang='lat' dir='ltr'><strong>typographi</strong></span> <span class='ocrx_word' id='word_1_143' title='bbox 1728 2305 2049 2368; x_wconf 86' lang='lat' dir='ltr'><strong>Ulmensis.</strong></span> 
     </span>
    </p>

    <p class='ocr_par' dir='ltr' id='par_1_14' title="bbox 657 2401 1830 2482">
     <span class='ocr_line' id='line_1_21' title="bbox 657 2401 1830 2482; baseline 0.003 -24"><span class='ocrx_word' id='word_1_144' title='bbox 657 2401 810 2460; x_wconf 89' lang='grc'><strong>1747</strong></span> <span class='ocrx_word' id='word_1_145' title='bbox 857 2401 1232 2481; x_wconf 86' lang='lat' dir='ltr'><strong>Pedepondi.</strong></span> <span class='ocrx_word' id='word_1_146' title='bbox 1261 2405 1321 2464; x_wconf 92' lang='grc'><strong>8.</strong></span> <span class='ocrx_word' id='word_1_147' title='bbox 1345 2423 1400 2463; x_wconf 87' lang='lat' dir='ltr'><strong>e.</strong></span> <span class='ocrx_word' id='word_1_148' title='bbox 1431 2423 1493 2464; x_wconf 90' lang='grc' dir='ltr'><strong>ιι.</strong></span> <span class='ocrx_word' id='word_1_149' title='bbox 1531 2403 1830 2482; x_wconf 84' lang='lat' dir='ltr'><strong>Desingii.</strong></span> 
     </span>
    </p>

    <p class='ocr_par' dir='ltr' id='par_1_15' title="bbox 648 2500 2097 2578">
     <span class='ocr_line' id='line_1_22' title="bbox 648 2500 2097 2578; baseline 0.002 -19"><span class='ocrx_word' id='word_1_150' title='bbox 648 2528 738 2548; x_wconf 89' lang='lat'><strong>·-·</strong></span> <span class='ocrx_word' id='word_1_151' title='bbox 778 2502 934 2578; x_wconf 84' lang='lat' dir='ltr'><strong>Aug.</strong></span> <span class='ocrx_word' id='word_1_152' title='bbox 966 2500 1145 2560; x_wconf 87' lang='lat' dir='ltr'><strong>Vind.</strong></span> <span class='ocrx_word' id='word_1_153' title='bbox 1179 2502 1239 2562; x_wconf 92' lang='lat'><strong>8.</strong></span> <span class='ocrx_word' id='word_1_154' title='bbox 1267 2519 1324 2560; x_wconf 81' lang='lat' dir='ltr'><strong>e.</strong></span> <span class='ocrx_word' id='word_1_155' title='bbox 1353 2520 1414 2561; x_wconf 88' lang='lat' dir='ltr'><strong>n.</strong></span> <span class='ocrx_word' id='word_1_156' title='bbox 1445 2500 1652 2562; x_wconf 86' lang='lat' dir='ltr'><strong>Germ.</strong></span> <span class='ocrx_word' id='word_1_157' title='bbox 1683 2502 1817 2562; x_wconf 90' lang='lat' dir='ltr'><strong>Em.</strong></span> <span class='ocrx_word' id='word_1_158' title='bbox 1846 2502 2097 2562; x_wconf 84' lang='lat' dir='ltr'><strong>Sinceri.</strong></span> 
     </span>
    </p>

    <p class='ocr_par' dir='ltr' id='par_1_16' title="bbox 657 2595 1369 2669">
     <span class='ocr_line' id='line_1_23' title="bbox 657 2595 1369 2669; baseline -0.004 -11"><span class='ocrx_word' id='word_1_159' title='bbox 657 2601 814 2660; x_wconf 86' lang='lat'><strong>1⁷50</strong></span> <span class='ocrx_word' id='word_1_160' title='bbox 858 2596 1104 2669; x_wconf 82' lang='lat' dir='ltr'><strong>Eadem,</strong></span> <span class='ocrx_word' id='word_1_161' title='bbox 1131 2595 1280 2657; x_wconf 87' lang='lat' dir='ltr'><strong>ibid.</strong></span> <span class='ocrx_word' id='word_1_162' title='bbox 1310 2599 1369 2658; x_wconf 88' lang='lat'><strong>8.</strong></span> 
     </span>
    </p>

    <p class='ocr_par' dir='ltr' id='par_1_17' title="bbox 655 2691 2401 2756">
     <span class='ocr_line' id='line_1_24' title="bbox 655 2691 2401 2756; baseline -0.001 -2"><span class='ocrx_word' id='word_1_163' title='bbox 655 2697 806 2756; x_wconf 86' lang='grc'><strong>1751</strong></span> <span class='ocrx_word' id='word_1_164' title='bbox 853 2693 1129 2754; x_wconf 91' lang='lat' dir='ltr'><strong>Londini.</strong></span> <span class='ocrx_word' id='word_1_165' title='bbox 1165 2694 1262 2752; x_wconf 84' lang='lat'><strong>12.</strong></span> <span class='ocrx_word' id='word_1_166' title='bbox 1291 2691 1391 2754; x_wconf 88' lang='lat' dir='ltr'><strong>ed.</strong></span> <span class='ocrx_word' id='word_1_167' title='bbox 1423 2692 1609 2752; x_wconf 81' lang='lat' dir='ltr'><strong>Mich.</strong></span> <span class='ocrx_word' id='word_1_168' title='bbox 1642 2693 1931 2755; x_wconf 77' lang='lat' dir='ltr'><strong>Maittarii</strong></span> <span class='ocrx_word' id='word_1_169' title='bbox 1966 2696 2141 2755; x_wconf 89' lang='grc'><strong>1716.</strong></span> <span class='ocrx_word' id='word_1_170' title='bbox 2171 2712 2401 2753; x_wconf 88' lang='lat' dir='ltr'><strong>recusa.</strong></span> 
     </span>
    </p>

    <p class='ocr_par' dir='ltr' id='par_1_18' title="bbox 655 2787 1406 2864">
     <span class='ocr_line' id='line_1_25' title="bbox 655 2787 1406 2864; baseline -0.003 -15"><span class='ocrx_word' id='word_1_171' title='bbox 655 2793 812 2852; x_wconf 87' lang='grc'><strong>1752</strong></span> <span class='ocrx_word' id='word_1_172' title='bbox 853 2790 1102 2864; x_wconf 87' lang='lat' dir='ltr'><strong>Eadem,</strong></span> <span class='ocrx_word' id='word_1_173' title='bbox 1128 2787 1276 2850; x_wconf 83' lang='lat' dir='ltr'><strong>ibid.</strong></span> <span class='ocrx_word' id='word_1_174' title='bbox 1311 2792 1406 2851; x_wconf 90' lang='grc'><strong>12.</strong></span> 
     </span>
    </p>

    <p class='ocr_par' dir='ltr' id='par_1_19' title="bbox 562 2878 2781 4032">
     <span class='ocr_line' id='line_1_26' title="bbox 655 2878 2781 2966; baseline -0.003 -19"><span class='ocrx_word' id='word_1_175' title='bbox 655 2890 810 2947; x_wconf 86' lang='grc'><strong>1757</strong></span> <span class='ocrx_word' id='word_1_176' title='bbox 855 2884 1116 2946; x_wconf 86' lang='lat' dir='ltr'><strong>Parisiis.</strong></span> <span class='ocrx_word' id='word_1_177' title='bbox 1150 2888 1248 2947; x_wconf 83' lang='lat'><strong>12.</strong></span> <span class='ocrx_word' id='word_1_178' title='bbox 1298 2885 1376 2954; x_wconf 87' lang='lat' dir='ltr'><strong>Q.</strong></span> <span class='ocrx_word' id='word_1_179' title='bbox 1406 2886 1594 2947; x_wconf 88' lang='lat' dir='ltr'><strong>Curtii</strong></span> <span class='ocrx_word' id='word_1_180' title='bbox 1623 2888 1765 2947; x_wconf 79' lang='lat' dir='ltr'><strong>Rufi</strong></span> <span class='ocrx_word' id='word_1_181' title='bbox 1790 2885 1868 2946; x_wconf 89' lang='lat' dir='ltr'><strong>de</strong></span> <span class='ocrx_word' id='word_1_182' title='bbox 1907 2888 2085 2961; x_wconf 75' lang='lat' dir='ltr'><strong>rebus</strong></span> <span class='ocrx_word' id='word_1_183' title='bbox 2113 2884 2299 2966; x_wconf 76' lang='lat' dir='ltr'><strong>gestis</strong></span> <span class='ocrx_word' id='word_1_184' title='bbox 2328 2878 2657 2942; x_wconf 76' lang='lat' dir='ltr'><strong>Alexandri</strong></span> <span class='ocrx_word' id='word_1_185' title='bbox 2682 2882 2781 2951; x_wconf 70' lang='lat' dir='ltr'><strong>M.</strong></span> 
     </span>
     <span class='ocr_line' id='line_1_27' title="bbox 569 2980 2776 3063; baseline -0.001 -22"><span class='ocrx_word' id='word_1_186' title='bbox 569 2982 726 3043; x_wconf 83' lang='lat' dir='ltr'><strong>Libri</strong></span> <span class='ocrx_word' id='word_1_187' title='bbox 753 2981 962 3049; x_wconf 85' lang='lat' dir='ltr'><strong>decem</strong></span> <span class='ocrx_word' id='word_1_188' title='bbox 989 2986 1148 3058; x_wconf 86' lang='lat' dir='ltr'><strong>(cum</strong></span> <span class='ocrx_word' id='word_1_189' title='bbox 1178 2981 1389 3063; x_wconf 87' lang='lat' dir='ltr'><strong>Suppl.</strong></span> <span class='ocrx_word' id='word_1_190' title='bbox 1421 2983 1723 3060; x_wconf 78' lang='lat' dir='ltr'><strong>Freinsb.)</strong></span> <span class='ocrx_word' id='word_1_191' title='bbox 1746 2982 1936 3044; x_wconf 83' lang='lat' dir='ltr'><strong>Paris.</strong></span> <span class='ocrx_word' id='word_1_192' title='bbox 1962 2983 2119 3063; x_wconf 82' lang='lat' dir='ltr'><strong>typis</strong></span> <span class='ocrx_word' id='word_1_193' title='bbox 2137 2984 2199 3043; x_wconf 84' lang='lat' dir='ltr'><strong>J.</strong></span> <span class='ocrx_word' id='word_1_194' title='bbox 2219 2980 2776 3043; x_wconf 78' lang='lat' dir='ltr'><strong>Barbou.—Editio</strong></span> 
     </span>
     <span class='ocr_line' id='line_1_28' title="bbox 565 3078 2775 3160; baseline -0 -22"><span class='ocrx_word' id='word_1_195' title='bbox 565 3078 776 3139; x_wconf 83' lang='lat' dir='ltr'><strong>nitida.</strong></span> <span class='ocrx_word' id='word_1_196' title='bbox 842 3087 860 3115; x_wconf 81' lang='lat'>⁶</span> <span class='ocrx_word' id='word_1_197' title='bbox 881 3080 1174 3153; x_wconf 79' lang='lat' dir='ltr'><strong>Textum,&#39;</strong></span> <span class='ocrx_word' id='word_1_198' title='bbox 1193 3080 1279 3140; x_wconf 85' lang='lat' dir='ltr'><strong>ait</strong></span> <span class='ocrx_word' id='word_1_199' title='bbox 1306 3078 1496 3141; x_wconf 83' lang='lat' dir='ltr'><strong>editor</strong></span> <span class='ocrx_word' id='word_1_200' title='bbox 1523 3082 1583 3141; x_wconf 87' lang='lat' dir='ltr'><strong>in</strong></span> <span class='ocrx_word' id='word_1_201' title='bbox 1618 3081 1799 3142; x_wconf 75' lang='lat' dir='ltr'><strong>Proef.</strong></span> <span class='ocrx_word' id='word_1_202' title='bbox 1828 3087 1846 3116; x_wconf 89' lang='lat'>‘</span> <span class='ocrx_word' id='word_1_203' title='bbox 1870 3080 2069 3159; x_wconf 82' lang='lat' dir='ltr'><strong>quoad</strong></span> <span class='ocrx_word' id='word_1_204' title='bbox 2098 3080 2220 3141; x_wconf 83' lang='lat' dir='ltr'><strong>fieri</strong></span> <span class='ocrx_word' id='word_1_205' title='bbox 2250 3080 2465 3160; x_wconf 86' lang='lat' dir='ltr'><strong>potuit,</strong></span> <span class='ocrx_word' id='word_1_206' title='bbox 2492 3078 2775 3141; x_wconf 85' lang='lat' dir='ltr'><strong>emenda-</strong></span> 
     </span>
     <span class='ocr_line' id='line_1_29' title="bbox 563 3175 2775 3259; baseline -0.001 -22"><span class='ocrx_word' id='word_1_207' title='bbox 563 3176 858 3237; x_wconf 76' lang='lat' dir='ltr'><strong>tissimum</strong></span> <span class='ocrx_word' id='word_1_208' title='bbox 907 3175 1317 3245; x_wconf 66' lang='lat' dir='ltr'><strong>exhibuimusz</strong></span> <span class='ocrx_word' id='word_1_209' title='bbox 1373 3197 1631 3259; x_wconf 84' lang='lat' dir='ltr'><strong>eumque</strong></span> <span class='ocrx_word' id='word_1_210' title='bbox 1674 3178 1753 3238; x_wconf 89' lang='lat' dir='ltr'><strong>ad</strong></span> <span class='ocrx_word' id='word_1_211' title='bbox 1804 3176 2331 3239; x_wconf 82' lang='lat' dir='ltr'><strong>celebratissimam</strong></span> <span class='ocrx_word' id='word_1_212' title='bbox 2376 3176 2564 3238; x_wconf 85' lang='lat' dir='ltr'><strong>Henr.</strong></span> <span class='ocrx_word' id='word_1_213' title='bbox 2617 3178 2775 3236; x_wconf 87' lang='lat' dir='ltr'><strong>Sna-</strong></span> 
     </span>
     <span class='ocr_line' id='line_1_30' title="bbox 563 3273 2779 3354; baseline 0 -21"><span class='ocrx_word' id='word_1_214' title='bbox 563 3274 878 3353; x_wconf 81' lang='lat' dir='ltr'><strong>kenburgii</strong></span> <span class='ocrx_word' id='word_1_215' title='bbox 923 3273 1240 3334; x_wconf 84' lang='lat' dir='ltr'><strong>editionem</strong></span> <span class='ocrx_word' id='word_1_216' title='bbox 1282 3275 1667 3354; x_wconf 82' lang='lat' dir='ltr'><strong>potissimum</strong></span> <span class='ocrx_word' id='word_1_217' title='bbox 1724 3274 2246 3335; x_wconf 75' lang='lat' dir='ltr'><strong>conformavimus.</strong></span> <span class='ocrx_word' id='word_1_218' title='bbox 2333 3273 2779 3353; x_wconf 82' lang='lat' dir='ltr'><strong>Manuscriptos</strong></span> 
     </span>
     <span class='ocr_line' id='line_1_31' title="bbox 563 3369 2775 3451; baseline -0.001 -20"><span class='ocrx_word' id='word_1_219' title='bbox 563 3370 742 3431; x_wconf 83' lang='lat' dir='ltr'><strong>etiam</strong></span> <span class='ocrx_word' id='word_1_220' title='bbox 770 3370 1146 3433; x_wconf 74' lang='lat' dir='ltr'><strong>bibliothecas</strong></span> <span class='ocrx_word' id='word_1_221' title='bbox 1174 3371 1382 3451; x_wconf 80' lang='lat' dir='ltr'><strong>Regioe</strong></span> <span class='ocrx_word' id='word_1_222' title='bbox 1426 3371 1667 3433; x_wconf 84' lang='lat' dir='ltr'><strong>codices</strong></span> <span class='ocrx_word' id='word_1_223' title='bbox 1696 3370 2050 3442; x_wconf 78' lang='lat' dir='ltr'><strong>evolvimus,</strong></span> <span class='ocrx_word' id='word_1_224' title='bbox 2102 3382 2172 3430; x_wconf 87' lang='lat' dir='ltr'><strong>ut</strong></span> <span class='ocrx_word' id='word_1_225' title='bbox 2198 3370 2249 3430; x_wconf 87' lang='lat' dir='ltr'><strong>si</strong></span> <span class='ocrx_word' id='word_1_226' title='bbox 2274 3369 2421 3449; x_wconf 87' lang='lat' dir='ltr'><strong>quid</strong></span> <span class='ocrx_word' id='word_1_227' title='bbox 2450 3369 2580 3450; x_wconf 87' lang='lat' dir='ltr'><strong>opis</strong></span> <span class='ocrx_word' id='word_1_228' title='bbox 2629 3389 2775 3430; x_wconf 85' lang='lat' dir='ltr'><strong>eon-</strong></span> 
     </span>
     <span class='ocr_line' id='line_1_32' title="bbox 568 3464 2771 3547; baseline 0 -22"><span class='ocrx_word' id='word_1_229' title='bbox 568 3466 717 3528; x_wconf 82' lang='lat' dir='ltr'><strong>ferre</strong></span> <span class='ocrx_word' id='word_1_230' title='bbox 747 3477 1015 3547; x_wconf 83' lang='lat' dir='ltr'><strong>possent,</strong></span> <span class='ocrx_word' id='word_1_231' title='bbox 1049 3467 1112 3526; x_wconf 87' lang='lat' dir='ltr'><strong>id</strong></span> <span class='ocrx_word' id='word_1_232' title='bbox 1139 3468 1300 3527; x_wconf 88' lang='lat' dir='ltr'><strong>bono</strong></span> <span class='ocrx_word' id='word_1_233' title='bbox 1327 3468 1410 3528; x_wconf 88' lang='lat' dir='ltr'><strong>rei</strong></span> <span class='ocrx_word' id='word_1_234' title='bbox 1443 3468 1717 3528; x_wconf 79' lang='lat' dir='ltr'><strong>literarioe</strong></span> <span class='ocrx_word' id='word_1_235' title='bbox 1762 3466 2254 3546; x_wconf 86' lang='lat' dir='ltr'><strong>impenderemus.</strong></span> <span class='ocrx_word' id='word_1_236' title='bbox 2340 3464 2460 3525; x_wconf 87' lang='lat' dir='ltr'><strong>Sed</strong></span> <span class='ocrx_word' id='word_1_237' title='bbox 2490 3466 2771 3545; x_wconf 79' lang='lat' dir='ltr'><strong>quoniam</strong></span> 
     </span>
     <span class='ocr_line' id='line_1_33' title="bbox 563 3560 2771 3643; baseline -0.001 -20"><span class='ocrx_word' id='word_1_238' title='bbox 563 3564 786 3624; x_wconf 82' lang='lat' dir='ltr'><strong>frustra</strong></span> <span class='ocrx_word' id='word_1_239' title='bbox 825 3565 981 3624; x_wconf 82' lang='lat' dir='ltr'><strong>hanc</strong></span> <span class='ocrx_word' id='word_1_240' title='bbox 1023 3582 1263 3643; x_wconf 87' lang='lat' dir='ltr'><strong>operam</strong></span> <span class='ocrx_word' id='word_1_241' title='bbox 1297 3565 1614 3624; x_wconf 86' lang='lat' dir='ltr'><strong>sumsimus</strong></span> <span class='ocrx_word' id='word_1_242' title='bbox 1638 3584 1656 3631; x_wconf 78' lang='lat'>3</span> <span class='ocrx_word' id='word_1_243' title='bbox 1698 3583 1939 3623; x_wconf 86' lang='lat' dir='ltr'><strong>monere</strong></span> <span class='ocrx_word' id='word_1_244' title='bbox 1968 3562 2113 3622; x_wconf 79' lang='lat' dir='ltr'><strong>satis</strong></span> <span class='ocrx_word' id='word_1_245' title='bbox 2138 3562 2217 3621; x_wconf 85' lang='lat' dir='ltr'><strong>sit</strong></span> <span class='ocrx_word' id='word_1_246' title='bbox 2243 3581 2355 3622; x_wconf 93' lang='lat' dir='ltr'><strong>nos</strong></span> <span class='ocrx_word' id='word_1_247' title='bbox 2384 3560 2597 3622; x_wconf 81' lang='lat' dir='ltr'><strong>codice</strong></span> <span class='ocrx_word' id='word_1_248' title='bbox 2625 3562 2771 3621; x_wconf 84' lang='lat'><strong>‘700-</strong></span> 
     </span>
     <span class='ocr_line' id='line_1_34' title="bbox 563 3658 2776 3738; baseline -0.002 -17"><span class='ocrx_word' id='word_1_249' title='bbox 563 3678 854 3721; x_wconf 80' lang='lat' dir='ltr'><strong>annorum</strong></span> <span class='ocrx_word' id='word_1_250' title='bbox 881 3660 1085 3735; x_wconf 79' lang='lat' dir='ltr'><strong>fultos,</strong></span> <span class='ocrx_word' id='word_1_251' title='bbox 1135 3662 1211 3723; x_wconf 88' lang='lat' dir='ltr'><strong>ab</strong></span> <span class='ocrx_word' id='word_1_252' title='bbox 1237 3662 1350 3722; x_wconf 86' lang='lat' dir='ltr'><strong>hac</strong></span> <span class='ocrx_word' id='word_1_253' title='bbox 1381 3673 1586 3722; x_wconf 84' lang='lat' dir='ltr'><strong>nostra</strong></span> <span class='ocrx_word' id='word_1_254' title='bbox 1632 3659 1893 3721; x_wconf 87' lang='lat' dir='ltr'><strong>editione</strong></span> <span class='ocrx_word' id='word_1_255' title='bbox 1936 3659 2212 3738; x_wconf 77' lang='lat' dir='ltr'><strong>abegisse</strong></span> <span class='ocrx_word' id='word_1_256' title='bbox 2236 3658 2429 3720; x_wconf 82' lang='lat' dir='ltr'><strong>Curtii</strong></span> <span class='ocrx_word' id='word_1_257' title='bbox 2458 3658 2776 3738; x_wconf 86' lang='lat' dir='ltr'><strong>suppositi-</strong></span> 
     </span>
     <span class='ocr_line' id='line_1_35' title="bbox 562 3754 2771 3837; baseline -0.001 -18"><span class='ocrx_word' id='word_1_258' title='bbox 562 3757 712 3819; x_wconf 87' lang='lat' dir='ltr'><strong>tium</strong></span> <span class='ocrx_word' id='word_1_259' title='bbox 741 3776 852 3819; x_wconf 86' lang='lat' dir='ltr'><strong>nee</strong></span> <span class='ocrx_word' id='word_1_260' title='bbox 881 3758 1202 3837; x_wconf 83' lang='lat' dir='ltr'><strong>genuinum</strong></span> <span class='ocrx_word' id='word_1_261' title='bbox 1233 3759 1455 3817; x_wconf 83' lang='lat' dir='ltr'><strong>foetum’</strong></span> <span class='ocrx_word' id='word_1_262' title='bbox 1503 3756 1696 3833; x_wconf 84' lang='lat' dir='ltr'><strong>(Curt.</strong></span> <span class='ocrx_word' id='word_1_263' title='bbox 1731 3757 1856 3816; x_wconf 90' lang='lat' dir='ltr'><strong>Lib.</strong></span> <span class='ocrx_word' id='word_1_264' title='bbox 1908 3775 2002 3816; x_wconf 74' lang='grc' dir='ltr'><strong>ιν.</strong></span> <span class='ocrx_word' id='word_1_265' title='bbox 2050 3775 2187 3837; x_wconf 86' lang='lat' dir='ltr'><strong>cap.</strong></span> <span class='ocrx_word' id='word_1_266' title='bbox 2241 3758 2337 3816; x_wconf 91' lang='grc'><strong>11.</strong></span> <span class='ocrx_word' id='word_1_267' title='bbox 2364 3754 2501 3815; x_wconf 85' lang='lat' dir='ltr'><strong>coll.</strong></span> <span class='ocrx_word' id='word_1_268' title='bbox 2547 3755 2771 3817; x_wconf 84' lang='lat' dir='ltr'><strong>Justin.</strong></span> 
     </span>
     <span class='ocr_line' id='line_1_36' title="bbox 566 3850 2775 3933; baseline -0.002 -18"><span class='ocrx_word' id='word_1_269' title='bbox 566 3853 697 3915; x_wconf 88' lang='lat' dir='ltr'><strong>Lib.</strong></span> <span class='ocrx_word' id='word_1_270' title='bbox 735 3874 832 3915; x_wconf 76' lang='lat' dir='ltr'><strong>xx.</strong></span> <span class='ocrx_word' id='word_1_271' title='bbox 864 3875 999 3933; x_wconf 86' lang='lat' dir='ltr'><strong>cap.</strong></span> <span class='ocrx_word' id='word_1_272' title='bbox 1036 3857 1160 3929; x_wconf 87' lang='grc'><strong>12.)</strong></span> <span class='ocrx_word' id='word_1_273' title='bbox 1207 3860 1226 3887; x_wconf 86' lang='lat'>‘</span> <span class='ocrx_word' id='word_1_274' title='bbox 1255 3873 1454 3933; x_wconf 87' lang='lat' dir='ltr'><strong>quem,</strong></span> <span class='ocrx_word' id='word_1_275' title='bbox 1503 3873 1639 3913; x_wconf 87' lang='lat' dir='ltr'><strong>oum</strong></span> <span class='ocrx_word' id='word_1_276' title='bbox 1667 3874 1701 3914; x_wconf 88' lang='lat' dir='ltr'><strong>e</strong></span> <span class='ocrx_word' id='word_1_277' title='bbox 1730 3853 1974 3916; x_wconf 81' lang='lat' dir='ltr'><strong>Justiuo</strong></span> <span class='ocrx_word' id='word_1_278' title='bbox 2003 3852 2178 3914; x_wconf 79' lang='lat' dir='ltr'><strong>fuerit</strong></span> <span class='ocrx_word' id='word_1_279' title='bbox 2211 3854 2503 3923; x_wconf 82' lang='lat' dir='ltr'><strong>invectus,</strong></span> <span class='ocrx_word' id='word_1_280' title='bbox 2532 3850 2775 3912; x_wconf 82' lang='lat' dir='ltr'><strong>restitu-</strong></span> 
     </span>
     <span class='ocr_line' id='line_1_37' title="bbox 563 3949 1599 4032; baseline 0 -21"><span class='ocrx_word' id='word_1_281' title='bbox 563 3970 660 4012; x_wconf 88' lang='lat' dir='ltr'><strong>ere</strong></span> <span class='ocrx_word' id='word_1_282' title='bbox 687 3952 916 4032; x_wconf 86' lang='lat' dir='ltr'><strong>parenti</strong></span> <span class='ocrx_word' id='word_1_283' title='bbox 939 3970 1074 4011; x_wconf 86' lang='lat' dir='ltr'><strong>cum</strong></span> <span class='ocrx_word' id='word_1_284' title='bbox 1104 3949 1222 4009; x_wconf 82' lang='lat' dir='ltr'><strong>fide</strong></span> <span class='ocrx_word' id='word_1_285' title='bbox 1245 3949 1599 4011; x_wconf 64' lang='lat' dir='ltr'><strong>debuimus!</strong></span> 
     </span>
    </p>

    <p class='ocr_par' dir='ltr' id='par_1_20' title="bbox 644 4044 2088 4127">
     <span class='ocr_line' id='line_1_38' title="bbox 644 4044 2088 4127; baseline 0.001 -20"><span class='ocrx_word' id='word_1_286' title='bbox 644 4081 726 4091; x_wconf 93' lang='lat'>—</span> <span class='ocrx_word' id='word_1_287' title='bbox 768 4048 925 4127; x_wconf 83' lang='lat' dir='ltr'><strong>Aug.</strong></span> <span class='ocrx_word' id='word_1_288' title='bbox 955 4044 1138 4105; x_wconf 83' lang='lat' dir='ltr'><strong>Vind.</strong></span> <span class='ocrx_word' id='word_1_289' title='bbox 1167 4047 1227 4107; x_wconf 91' lang='lat'><strong>8.</strong></span> <span class='ocrx_word' id='word_1_290' title='bbox 1257 4066 1313 4107; x_wconf 88' lang='lat' dir='ltr'><strong>c.</strong></span> <span class='ocrx_word' id='word_1_291' title='bbox 1341 4066 1400 4107; x_wconf 91' lang='grc' dir='ltr'><strong>ιι.</strong></span> <span class='ocrx_word' id='word_1_292' title='bbox 1433 4046 1641 4109; x_wconf 88' lang='lat' dir='ltr'><strong>Germ.</strong></span> <span class='ocrx_word' id='word_1_293' title='bbox 1670 4048 1801 4107; x_wconf 88' lang='lat' dir='ltr'><strong>Em.</strong></span> <span class='ocrx_word' id='word_1_294' title='bbox 1836 4048 2088 4110; x_wconf 87' lang='lat' dir='ltr'><strong>Sinceri.</strong></span> 
     </span>
    </p>
   </div>
   <div class='ocr_carea' id='block_1_5' title="bbox 563 4098 2769 4299">
    <p class='ocr_par' dir='ltr' id='par_1_21' title="bbox 563 4098 2769 4299">
     <span class='ocr_line' id='line_1_39' title="bbox 647 4098 2769 4217; baseline -0.002 -16"><span class='ocrx_word' id='word_1_295' title='bbox 647 4145 806 4203; x_wconf 89' lang='grc'><strong>1764</strong></span> <span class='ocrx_word' id='word_1_296' title='bbox 845 4142 1107 4204; x_wconf 84' lang='lat' dir='ltr'><strong>Parisiis.</strong></span> <span class='ocrx_word' id='word_1_297' title='bbox 1140 4146 1237 4205; x_wconf 92' lang='grc'><strong>12.</strong></span> <span class='ocrx_word' id='word_1_298' title='bbox 1267 4162 1342 4203; x_wconf 84' lang='lat' dir='ltr'><strong>ex</strong></span> <span class='ocrx_word' id='word_1_299' title='bbox 1387 4164 1617 4207; x_wconf 84' lang='lat' dir='ltr'><strong>recens.</strong></span> <span class='ocrx_word' id='word_1_300' title='bbox 1662 4144 1893 4209; x_wconf 88' lang='lat' dir='ltr'><strong>Valart.</strong></span> <span class='ocrx_word' id='word_1_301' title='bbox 1942 4165 2077 4207; x_wconf 84' lang='lat' dir='ltr'><strong>cum</strong></span> <span class='ocrx_word' id='word_1_302' title='bbox 2118 4139 2361 4202; x_wconf 83' lang='lat' dir='ltr'><strong>notulis.</strong></span> <span class='ocrx_word' id='word_1_303' title='bbox 2447 4098 2639 4200; x_wconf 84' lang='lat' dir='ltr'><strong>Paris.</strong></span> <span class='ocrx_word' id='word_1_304' title='bbox 2668 4156 2769 4217; x_wconf 85' lang='lat' dir='ltr'><strong>ap.</strong></span> 
     </span>
     <span class='ocr_line' id='line_1_40' title="bbox 563 4237 823 4299; baseline 0.008 -2"><span class='ocrx_word' id='word_1_305' title='bbox 563 4237 823 4299; x_wconf 77' lang='lat' dir='ltr'><strong>Bai-bon.</strong></span> 
     </span>
    </p>
   </div>
  </div>
 </body>
</html>
