3222 4944
630 395 805 464 1362

632 557 693 600 ut
706 563 739 598 s
759 544 1124 612 perniciosiore
1146 539 1363 592 consilio
1376 537 1681 590 abstineret.

636 625 813 676 Cellur.

698 698 889 748 Indicta
908 694 1097 758 quidem
1110 691 1305 754 caussa]
1342 691 1521 752 Forte,
1540 691 1589 737 et
1609 685 1686 735 in·

628 775 763 826 aicta
780 773 966 836 quidm
984 783 1163 818 mss.
1196 765 1459 816 Heinsius.

698 850 832 899 Car.
852 861 933 897 rx.
957 849 986 910 ς
1010 850 1038 894 1
1067 843 1254 904 Otium]
1272 841 1482 890 Tacitus
1504 837 1684 886 Germ.

630 927 715 973 Μ.
736 927 788 972 ⁴.
820 920 1046 970 ‘Otiose
1072 923 1379 966 armatorum
1410 925 1588 960 manus
1610 907 1684 958 fa-

634 998 734 1048 cile
776 990 1088 1045 lasciviunt?
1152 991 1320 1042 Quem
1363 989 1534 1036 locum
1574 986 1684 1034 late

632 1079 828 1123 tractat
840 1070 1098 1118 Gruterus
1110 1066 1349 1116 Discurs-
1365 1053 1419 1110 iu
1429 1062 1555 1110 Tac.
1566 1073 1685 1123 esp.

630 1152 715 1198 so.
748 1143 967 1196 Freinsh.
1030 1142 1210 1192 Livius
1242 1153 1307 1190 ιι.
1336 1141 1419 1185 52.
1451 1139 1467 1164 ‘
1488 1137 1568 1184 Ex
1602 1149 1686 1182 co·

632 1223 722 1285 pia
764 1219 955 1270 deinde
990 1216 1197 1279 otioque
1234 1212 1473 1263 lascivire
1511 1223 1686 1258 rursus

632 1295 829 1344 enimi:
864 1301 919 1343 et
966 1291 1185 1355 pristina
1228 1288 1379 1346 mula,
1416 1292 1686 1348 postquam

632 1369 760 1422 foris
775 1370 1013 1430 deerant,
1034 1366 1171 1415 domi
1190 1361 1456 1429 quarere)
1496 1361 1690 1409 Noster

636 1459 715 1497 vr.
736 1451 787 1496 2.
822 1451 902 1495 1⁵.
943 1445 960 1472 ⁴
988 1444 1181 1493 Rumor
1212 1439 1366 1490 otiosi
1402 1435 1576 1486 militis
1614 1433 1688 1481 vi-

632 1518 802 1570 tium:
824 1518 976 1566 Sirok.

698 1595 761 1642 Ia
785 1594 973 1642 Indiam
992 1589 1161 1652 mouit]
1195 1585 1393 1637 Plinius
1414 1596 1493 1634 vr.
1511 1585 1591 1632 17.
1607 1585 1688 1631 18.

634 1669 839 1719 Indiam
894 1669 912 1695 ‘
938 1664 1255 1729 patefactam
1309 1674 1423 1708 esse
1445 1660 1460 1682 '
1512 1656 1690 1704 scribit

632 1740 953 1790 ‘Alexandri
998 1735 1179 1796 Magni
1214 1732 1369 1792 armis
1390 1728 1426 1787 3⁹
1456 1729 1595 1792 quod
1633 1734 1690 1775 et

634 1814 823 1864 Strabo
856 1819 912 1860 et
944 1807 1254 1859 Plutarchus
1288 1804 1479 1866 aliique
1500 1814 1691 1850 memo-

634 1897 782 1940 rant.
818 1887 1033 1938 Freinsh-

632 2007 640 2014 ‚
704 1964 841 2014 Beue
868 1975 1027 2024 -quuns
1064 1963 1171 2022 post
1207 1952 1456 2005 sutoriam
1495 1948 1692 2012 clarior]

638 2039 774 2092 Quia
795 2037 889 2086 otii
920 2044 975 2085 et
996 2031 1297 2096 voluptatis,
1335 2042 1451 2092 quae
1492 2041 1559 2075 ex
1588 2025 1692 2073 vic-

639 2114 770 2163 toria
807 2111 1174 2170 uescebantur,
1208 2119 1371 2169 capax
1418 2115 1521 2151 non
1562 2105 1691 2150 erst-

634 2306 641 2314 .
704 2265 783 2327 §2
816 2259 983 2322 Indis]
1002 2258 1197 2308 Mirum
1220 2255 1545 2316 «lictu,quam
1560 2250 1691 2298 mul·

636 2340 685 2388 ti
709 2352 792 2388 res
815 2336 981 2386 Indiae
1004 2329 1421 2398 perscripserim,
1448 2334 1503 2374 et
1540 2339 1692 2388 quam

638 2413 811 2477 pauci,
828 2411 1039 2460 dolente
1052 2416 1109 2457 et
1126 2409 1408 2455 execrsnte
1426 2400 1696 2460 Strabone,

636 2502 784 2539 sera.
848 2489 927 2537 Ex
946 2486 1131 2552 quibus
1153 2482 1260 2545 alii,
1283 2494 1386 2529 uua
1408 2492 1523 2527 cum
1546 2474 1694 2525 fabu-

640 2564 706 2613 lis
737 2563 841 2612 suis
870 2562 969 2611 toti
1006 2561 1225 2623 periere,
1260 2556 1364 2616 alii,
1390 2553 1555 2602 sinon
1579 2550 1694 2612 toti,

641 2638 824 2697 saitem
862 2649 1097 2699 magnam
1124 2632 1203 2681 sui
1241 2636 1439 2693 partem
1459 2626 1694 2673 exoleve-

640 2718 781 2771 runt.
818 2712 937 2761 Non
954 2714 1215 2771 apparent
1240 2718 1269 2750 e
1292 2699 1551 2750 veteribus
1568 2698 1696 2748 Dai-

640 2785 871 2838 muchus‚
888 2779 1175 2833 Patrocles,
1194 2773 1539 2837 Hipparchus.
1553 2770 1696 2821 Jam-

642 2858 812 2912 bulus,
838 2854 1091 2918 Pytheas,
1112 2847 1423 2906 Clitarchus,
1452 2843 1694 2894 Nicolaus

640 2930 1015 2987 Damascenus,
1032 2927 1219 2981 neten,
1240 2918 1563 2977 Posidonius,
1580 2916 1694 2963 Me-

642 3003 939 3066 gasthenes,
950 2997 1335 3060 Megaehleues,
1346 2990 1695 3049 Onesicritus,

645 3076 905 3139 megillus,
954 3073 1156 3135 Gorgus
1196 3066 1528 3127 metallarius,
1568 3066 1695 3115 Era-

646 3151 926 3210 tosthenes,
962 3146 1251 3209 Nearchus,
1281 3141 1560 3201 Dionysius
1594 3153 1694 3189 non

642 3226 731 3279 ine
760 3224 1079 3287 Periegetes.
1130 3221 1355 3269 Exstant
1374 3216 1694 3277 Herodotus,

646 3298 1044 3364 Agatharchidis
1066 3302 1335 3357 excerpts,
1370 3291 1571 3343 Ctesias
1602 3290 1695 3339 nli-

648 3389 748 3439 quu
784 3374 859 3423 sui
885 3380 1036 3438 parte
1060 3370 1196 3437 spud
1218 3369 1477 3425 mintium,
1499 3366 1694 3428 Diony-

644 3450 751 3499 sius
785 3448 1104 3511 Periegetes,
1137 3446 1342 3506 Strabo,
1363 3442 1695 3495 Ptolemaeus,

644 3521 912 3582 Arrianus,
934 3520 1195 3567 Diodorus
1214 3517 1436 3569 Siculus.
1449 3515 1694 3575 AEtlsicus,

648 3593 1008 3643 Artemidorus
1018 3591 1241 3639 ineditus
1265 3598 1451 3645 tamen,
1474 3586 1695 3637 Marcia-

647 3682 745 3717 nus
784 3668 1136 3727 Heracleotes,
1169 3664 1393 3723 Plinius,
1425 3662 1585 3721 Mela,
1604 3661 1695 3710 So·

648 3742 801 3803 liuns,
841 3740 1206 3793 Philostratus,
1250 3737 1482 3799 Orosius,
1522 3745 1696 3785 noster

651 3822 721 3874 Q.
758 3816 986 3877 Curtius,
1024 3814 1268 3877 Apuleius
1294 3826 1333 3862 1.
1356 3812 1697 3867 Floridorum.

651 3901 709 3944 et
729 3893 781 3943 1ιί
804 3904 979 3941 omnes
1001 3896 1223 3938 veteres.
1288 3888 1368 3936 Ex
1401 3887 1696 3937 recentiori·

650 3972 749 4023 bus
786 3968 871 4021 Jo.
914 3964 1171 4028 Goropius
1206 3964 1459 4023 Becauus,
1503 3962 1694 4013 Petrus

648 4042 893 4104 maffeus,
924 4040 1153 4101 osorius,
1189 4039 1275 4090 Jo.
1317 4038 1579 4093 Metellus,
1610 4039 1696 4090 Jo.

644 4121 887 4181 Burrius,
956 4116 1250 4165 Ludovicus
1302 4112 1696 4178 Vartomnnuus‚

656 4195 1035 4246 maximilianus
1067 4190 1447 4248 'transilvanam
1490 4188 1698 4241 Cosmus

1311 398 1531 450 NOTAE
1572 393 1979 450 ,vammum
2031 391 2114 441 ΙΝ

1752 533 2108 597 Indepleutes,
2147 529 2236 582 Jo.
2279 529 2479 589 Macer,
2512 525 2560 574 1.
2595 522 2658 574 C.
2679 521 2803 572 Cas-

1753 610 1978 674 tagnedo
2013 608 2294 671 Hispanus,
2312 605 2630 655 Abrahsmus
2649 601 2809 650 Orte·

1752 688 1852 737 lius
1875 688 1926 736 iu
1947 687 2172 735 'I'heatro
2190 683 2364 737 Orbis,
2395 682 2540 744 cujus
2555 678 2808 728 Tabulam

1753 761 2148 824 geographiesm
2195 756 2377 806 ludin
2439 750 2809 812 considerabis,

1755 836 1944 885 Petrus
1979 834 2204 883 Isrricus
2225 833 2486 880 Thesauro
2508 828 2701 878 Rerum
2719 825 2809 875 In-

1755 911 2007 969 dicarum,
2027 907 2330 958 Franciseus
2352 903 2607 958 'Suchiuns
2628 903 2810 952 Histo-

1756 987 1834 1036 ria
1854 985 2048 1034 Societ.
2069 983 2216 1038 Jesu.
2237 988 2293 1030 et
2317 980 2404 1030 alii
2425 978 2596 1043 patria
2615 979 2810 1040 lingua.

1756 1058 1932 1124 Atque
1951 1059 2036 1108 hic
2061 1065 2260 1108 tautum
2283 1055 2350 1105 de
2367 1054 2538 1116 ludia,
2557 1068 2670 1118 que
2689 1052 2812 1102 Ori·

1755 1143 1928 1185 entem
1962 1141 2186 1197 spectat.
2213 1145 2346 1181 nova
2377 1143 2618 1193 namque,
2636 1137 2695 1179 et
2713 1143 2810 1177 uu·

1731 1215 1852 1274 ‘per
1870 1225 1901 1259 a
1923 1209 2220 1269 Magellsno
2245 1213 2471 1268 reperta,
2491 1210 2547 1252 et
2577 1205 2811 1253 Mexica·

1757 1297 1825 1333 nu
1845 1283 1967 1332 nihil
1987 1283 2074 1332 hic
2096 1282 2160 1331 ad
2185 1295 2299 1330 nos.
2337 1281 2569 1329 &der-su.

1821 1359 2018 1421 Spectat
2037 1355 2305 1418 Orientem]
2329 1356 2609 1417 Plerosque
2628 1365 2810 1402 omues

1758 1433 2096 1494 Geogrspbos
2131 1437 2188 1480 et
2223 1431 2502 1492 scriptores
2533 1441 2701 1476 rerum
2723 1427 2812 1475 ha-

1757 1507 1849 1556 bet
1869 1505 2256 1568 suffragatores.
2297 1503 2554 1566 Princeps
2575 1507 2658 1550 est
2668 1501 2814 1549 Stra-

1759 1581 1828 1630 bo
1840 1582 1955 1631 viee
1965 1580 2204 1638 omnium,
2219 1578 2368 1628 initio
2385 1577 2500 1627 libri
2514 1590 2610 1626 xv.
2625 1575 2642 1602 ‘
2659 1574 2813 1624 Nunc

1758 1655 1840 1704 ab·
1869 1655 2024 1702 India
2065 1655 2366 1701 ordiemur:
2400 1665 2518 1702 nam
2553 1657 2609 1699 et
2651 1649 2814 1712 prima

1761 1741 1939 1776 versus
1980 1727 2250 1776 Orientem
2284 1725 2450 1786 jacet,
2495 1732 2550 1772 et
2593 1724 2815 1772 maxima

1761 1802 1874 1850 est.’
1923 1799 2072 1850 Idem
2094 1800 2236 1849 canit
2259 1799 2562 1860 Periegetes
2577 1812 2655 1846 vs.
2670 1802 2816 1847 1027.

1760 1878 1777 1905 ⁴
1792 1877 1982 1926 Ortum
2004 1881 2175 1924 nutem
2200 1887 2376 1923 versus
2396 1872 2644 1922 Indorum
2661 1885 2816 1921 amoe·

1761 1965 1828 2000 na
1857 1949 2170 2012 expanditur
2189 1954 2350 2008 terra,
2371 1945 2614 1996 Omnium
2637 1953 2817 1994 extre·

1761 2039 1845 2076 ma
1861 2025 1924 2073 ad
1945 2025 2100 2074 litora
2116 2022 2334 2073 Oceani.
2386 2022 2553 2074 Quum
2579 2021 2814 2069 exoriens

1762 2099 1994 2148 divorum
2029 2099 2094 2146 ad
2133 2110 2294 2160 opera
2336 2103 2392 2145 et
2430 2095 2692 2144 hominum
2727 2096 2814 2144 Sol

1765 2175 1938 2238 primis
1961 2172 2199 2222 accendit
2218 2170 2416 2220 radiis.'
2451 2171 2684 2220 &dms-
2757 2199 2760 2202 ·

1831 2251 1860 2313 §
1895 2253 1925 2298 8
1951 2246 2232 2310 Accipiunt]
2268 2244 2412 2306 Vidi,
2454 2245 2540 2308 qui
2579 2245 2817 2308 aspicitur

1767 2331 1970 2374 mutare
2015 2323 2188 2372 vellet.
2249 2319 2542 2381 Simplicius
2585 2318 2638 2365 id
2681 2324 2817 2378 erat,

1767 2415 1872 2450 nou
1895 2406 2066 2448 tumen
2099 2396 2286 2446 verius.
2351 2395 2542 2445 Quoeso
2580 2393 2818 2442 eniman

1769 2490 1868 2525 non
1891 2476 1967 2523 ita
1987 2487 2136 2538 aeque
2158 2469 2453 2533 eleganter?
2518 2467 2820 2532 Elegantius

1772 2554 1960 2602 etiarn:
2020 2558 2078 2601 et
2117 2549 2354 2609 exempla
2406 2547 2612 2609 passim·
2646 2544 2819 2607 obvia,

1775 2640 1988 2691 quorum
2023 2640 2175 2675 unum
2203 2624 2339 2673 habe
2360 2637 2391 2671 e
2411 2622 2569 2671 Plinii
2593 2622 2820 2671 Lauren-

1768 2702 1900 2757 tino.
1923 2716 1987 2751 ιι.
2009 2701 2176 2764 Epist.
2211 2702 2294 2748 17.
2328 2698 2344 2726 ‘
2365 2696 2446 2746 Ad
2479 2698 2576 2746 hoc
2600 2694 2824 2759 patenti·

1773 2778 1868 2826 bns
1904 2774 2146 2824 fenestris
2183 2772 2410 2822 favonios
2440 2771 2630 2834 accipit
2653 2776 2820 2820 traus-

1772 2849 2067 2914 mittitque.’
2131 2850 2288 2898 Plura
2311 2855 2370 2897 et
2393 2847 2476 2897 hic
2505 2853 2644 2906 suut,
2676 2853 2746 2894 et·
2763 2845 2820 2893 in

1772 2924 1966 2979 Tuscis,
2004 2938 2126 2987 quos
2156 2921 2410 2971 describit
2428 2937 2482 2972 v.
2497 2923 2595 2983 Ep.
2615 2926 2664 2969 6.
2705 2920 2822 2970 Aci·

1770 2999 1868 3047 dul.
1902 3022 1908 3027 -
1937 2997 2058 3053 Qua
2098 2998 2328 3047 Austrum
2365 2994 2626 3059 accipiunt]
2665 2993 2822 3044 Hunc

1773 3072 1940 3123 locum
1983 3073 2154 3134 carpit
2183 3072 2490 3121 Glareanus.
2556 3071 2668 3132 Ego
2691 3062 2821 3119 Cur-

1772 3148 1899 3197 tium
1931 3148 2056 3197 nihil
2091 3146 2182 3195 hic
2221 3150 2403 3195 contra
2441 3144 2822 3207 Geogra'phiam

1773 3236 2018 3285 peccasse
2051 3221 2308 3283 existimo,
2342 3226 2398 3269 et
2421 3219 2581 3269 doceo
2603 3219 2822 3284 primum

1771 3297 1906 3347 haud
1929 3296 2282 3359 ignorandum,
2301 3294 2438 3359 quod
2459 3292 2702 3357 affirmat,
2731 3294 2824 3343 mi-

1773 3386 1868 3421 uus
1899 3372 1950 3421 in
1979 3371 2330 3432 latitudinem,
2353 3383 2506 3434 quam
2525 3376 2670 3418 recta
2689 3368 2824 3430 regi·

1771 3462 1870 3499 one
1903 3454 2104 3511 patere,
2133 3447 2232 3493 hoc
2275 3450 2374 3503 est,
2415 3442 2578 3503 magis
2613 3442 2820 3505 longam

1771 3535 1926 3585 quam
1960 3520 2114 3569 latum
2157 3530 2290 3577 esse,
2327 3515 2463 3579 quod
2503 3514 2823 3567 verissimum

1770 3600 1866 3649 est,
1885 3593 1930 3643 si
1967 3604 2267 3657 procurrens
2305 3604 2336 3639 e
2360 3590 2729 3653 Septentrioue
2765 3590 2821 3640 ln

1772 3668 2017 3719 Austrum
2061 3673 2269 3729 spectes
2306 3665 2708 3729 promontorium
2727 3666 2826 3717 2.si

1771 3744 1976 3807 inquam
1993 3742 2300 3791 dimetrum
2319 3756 2352 3789 a
2379 3745 2554 3789 moute
2575 3739 2722 3790 Imso
2737 3754 2823 3790 us-

1775 3832 1875 3882 que
1916 3818 1984 3867 ad
2027 3818 2426 3881 promontorium
2477 3816 2824 3879 Comus-inum.

1775 3908 1892 3957 quae
1927 3901 2044 3942 sunt
2073 3892 2174 3941 duo
2197 3899 2429 3942 extrema
2454 3890 2640 3953 Iudiae,
2663 3889 2823 3940 dime-

1774 3966 1925 4026 tisre,
1963 3966 2223 4015 minimum
2268 3965 2400 4013 enim
2439 3962 2822 4027 quadringentis

1771 4041 1908 4090 iuter
1927 4054 1983 4089 se
2010 4041 2170 4089 leucis
2190 4039 2405 4097 distant,
2423 4044 2480 4085 ut
2499 4038 2721 4086 Isrricus
2740 4050 2822 4085 os·

1773 4115 1961 4176 tendit,
1982 4129 2100 4179 quae
2115 4112 2424 4165 Germanica
2451 4108 2683 4161 efficiunt
2709 4110 2821 4159 mil-

1773 4190 1924 4240 liaria
1963 4189 2146 4267 viginti
2186 4199 2344 4251 supra
2377 4192 2630 4238 trecenta.
2699 4184 2819 4237 Jam
