3222 4944
885 429 951 488 Q.
998 426 1254 477 ουιιτιι
1306 427 1484 477 auri

424 580 493 617 ne
516 564 770 617 circumiri
794 571 986 629 posset,
1013 564 1275 616 fortunam
1310 566 1479 631 provi-

426 624 596 689 disse.'
661 639 697 689 J
701 655 779 689 am
800 638 1020 689 fortunae
1044 640 1287 689 auxilinm
1309 639 1479 690 decla·

426 719 529 774 rat,
542 727 961 775 commemorans,
975 720 1229 764 vetustam
1248 715 1479 764 arborem

423 787 562 836 baud
588 789 767 849 procul
788 802 934 837 muro
956 788 1184 838 stetisse.
1240 790 1258 817 ‘
1279 788 1483 852 Hujus,’

425 860 505 911 ita
543 864 734 927 pergit,
772 862 789 890 ‘
820 864 1046 927 spatioso
1083 864 1254 926 stipiti
1290 878 1479 926 corpus

427 936 712 1000 adplicuit?
776 938 966 989 Lector
1004 938 1259 1003 quispiam
1289 938 1480 989 intelli-

425 1026 569 1075 gens,
606 1012 707 1063 huc
738 1013 1029 1076 respexisse
1065 1014 1317 1076 Curtium,
1361 1029 1479 1064 cnm

426 1095 550 1153 ante
570 1087 722 1149 dixit,
748 1086 765 1115 ‘
786 1088 1060 1139 Fortunam
1087 1088 1392 1153 providisse,
1413 1103 1479 1139 ne

425 1175 520 1210 rex
573 1162 833 1212 circumiri
887 1162 1100 1227 posset,’
1140 1163 1251 1212 baec
1297 1162 1477 1211 eadem

422 1238 639 1300 margini
662 1238 873 1288 adlevit.
942 1240 1073 1290 Quo
1105 1236 1349 1287 librarius
1372 1252 1480 1287 mo-

424 1314 556 1365 leste
578 1314 787 1364 sedulus
820 1316 871 1364 in
899 1320 1201 1365 contextum
1231 1312 1479 1362 sermonis

424 1392 637 1454 recepit.
684 1392 784 1441 His
806 1391 1013 1454 seriptis
1038 1390 1281 1439 evolvens
1299 1389 1479 1437 Frein-

423 1465 688 1524 sliemium,
712 1464 1061 1529 deprehendo,
1084 1462 1219 1513 idem
1256 1469 1311 1512 et
1334 1462 1407 1511 illi
1428 1464 1479 1511 in

420 1546 647 1589 mentem
672 1539 895 1599 venisse,
912 1539 1063 1602 eique
1096 1539 1196 1587 tria
1229 1540 1339 1587 haee
1367 1550 1481 1585 ver-

422 1616 493 1664 ba
535 1629 565 1663 e
609 1614 956 1678 superioribus
1017 1614 1250 1676 repetita
1300 1612 1481 1662 videri.

421 1688 695 1739 Heumann.
718 1688 998 1737 Glossema
1018 1688 1142 1737 Dec.
1168 1700 1254 1738 ιιι.

488 1765 516 1826 §
539 1769 569 1813 5
604 1764 735 1811 Nam
756 1776 898 1825 qaum
916 1762 1081 1825 unam]
1116 1762 1312 1812 lterum
1346 1776 1477 1826 prae·

422 1844 505 1887 tor
538 1852 731 1889 morem
768 1852 913 1887 suum
951 1839 1189 1888 liberales
1224 1839 1478 1888 membra-

421 1926 524 1974 na»,
547 1914 643 1961 etsi
666 1926 769 1962 non
802 1912 1037 1963 lubenter
1058 1913 1109 1961 in
1136 1927 1248 1961 eam
1274 1921 1475 1976 partem

424 1995 663 2050 peccant,
682 2003 794 2038 aava
814 2002 919 2037 οιιιιι
938 1989 1147 2037 eominus
1168 2002 1286 2037 anus
1316 1991 1478 2051 procul

422 2068 495 2111 tot
544 2078 711 2112 mas
759 2069 997 2126 peter-est:
1053 2064 1251 2127 inepte,
1292 2072 1349 2113 et
1388 2079 1477 2128 pa-

423 2150 535 2185 rum
560 2136 625 2186 ad
651 2146 874 2187 mentem
908 2138 1022 2187 Rufi
1053 2139 1231 2189 nostri.
1263 2140 1476 2191 Medias.

429 2212 609 2283 Unum]
646 2212 909 2261 Plutarch.
932 2226 1046 2274 cap.
1065 2217 1181 2260 tto.
1214 2212 1231 2239 ‘
1256 2212 1477 2262 Assiste-

425 2284 552 2335 bant
574 2287 623 2335 ei
648 2287 932 2335 Peucestes
970 2293 1025 2335 et
1060 2286 1355 2348 Liuineius}
1390 2286 1477 2349 qui

424 2364 623 2415 Nostro
637 2366 653 2392 ‘
668 2362 927 2419 Timoeus,’
942 2362 1087 2427 quasi
1104 2362 1281 2411 statim
1294 2378 1323 2411 a
1340 2364 1480 2424 prin-

426 2438 561 2502 cipio
600 2438 701 2502 ipsi
735 2436 1052 2489 adfuissent:
1089 2436 1225 2500 qnod
1260 2443 1314 2487 et
1345 2437 1481 2486 simi-

424 2513 523 2562 lius
546 2525 688 2562 vero.
756 2514 891 2563 Nam
914 2520 969 2561 et
994 2511 1197 2561 Arriae.
1223 2524 1300 2560 vr.
1324 2515 1373 2560 2.
1398 2515 1477 2561 12.

424 2593 622 2648 narrat,
646 2587 697 2635 in
720 2586 899 2636 eadem
934 2588 1072 2636 scala
1104 2594 1222 2649 post
1257 2585 1479 2634 Alexan·

425 2662 575 2711 drum
612 2661 781 2711 statim
817 2661 1143 2710 adscendisse
1166 2659 1480 2721 Peucestan‚

422 2737 849 2800 Leonnatumque
902 2743 958 2785 et
1008 2735 1238 2785 Abrean.
1290 2733 1479 2784 deinde

426 2817 625 2861 ceteros
660 2811 967 2860 festinantes
1004 2808 1232 2872 pondere
1265 2823 1358 2858 auo
1393 2824 1476 2859 ru-

425 2887 561 2952 pisse
594 2888 781 2937 scalas.
815 2888 1037 2938 Fretum.
1123 2887 1304 2950 Unum]
1349 2887 1475 2936 Μαι.

423 2963 659 3012 com‘aas:
693 2961 831 3012 ἴοι-ιο
864 2962 1067 3023 eminas,
1112 2968 1171 3011 ut
1211 2974 1268 3010 x.
1307 2964 1354 3011 7.
1394 2964 1476 3011 18.

461 3037 712 3088 Hdss'iUUa

488 3116 516 3178 §
548 3118 580 3163 7
613 3113 745 3162 Saxa
772 3111 1124 3176 perfregerunt]
1173 3111 1262 3160 Sic
1306 3111 1478 3160 solent

424 3203 613 3252 nempe
660 3187 930 3251 ‘lapides'
972 3189 1029 3235 in
1088 3185 1344 3249 ejusmodi
1388 3185 1477 3234 de-

424 3263 785 3326 scriptionibus
807 3261 1015 3324 angeri5
1043 3275 1158 3308 nam
1182 3274 1273 3325 pro
1295 3259 1477 3309 iisdem

427 3343 697 3388 sumuntur
738 3335 872 3398 apud
910 3337 1161 3384 Nostrum
1199 3347 1284 3382 ιιι.
1318 3337 1368 3380 4.
1402 3337 1478 3381 11.

426 3415 443 3442 ‘
472 3413 619 3464 obrui
662 3411 897 3475 potuisse
941 3408 1023 3456 vel
1062 3405 1236 3456 saxis.'
1283 3420 1363 3456 vt.
1403 3410 1481 3455 11.

426 3495 511 3542 88.
566 3495 581 3518 ‘
607 3489 729 3538 dato
772 3485 937 3550 signo,
979 3483 1115 3535 saxis
1158 3481 1482 3533 obruerunt.’

428 3566 635 3616 Pbaedr.
667 3577 754 3612 ιιι.
778 3566 825 3611 2.
882 3559 899 3586 ‘
923 3559 1010 3609 alii
1052 3567 1272 3608 onerant
1308 3557 1484 3608 saxis.’

428 3641 513 3691 Sic
542 3641 558 3670 ‘
583 3639 783 3704 lapides
816 3643 873 3687 et
912 3636 1063 3685 saxa’
1100 3633 1271 3684 fundis
1295 3634 1480 3684 Balea-

428 3729 539 3767 rum
583 3712 939 3764 accommodat
980 3711 1163 3761 Florus
1205 3724 1292 3760 ιιι.
1328 3715 1377 3760 8.
1422 3717 1481 3760 ιιι

428 3793 613 3861 passim
638 3793 741 3843 alii.
774 3790 925 3841 Saak.
1076 3801 1083 3806 ·
1424 3793 1429 3796 ·

496 3869 681 3918 Gravia
696 3866 879 3930 gem]
900 3863 1132 3926 Gratata,
1143 3862 1261 3912 libri
1277 3862 1477 3927 scripti.

428 3943 642 3993 Modiin.

496 4021 525 4084 ᾧ
554 4023 588 4068 9
620 4019 768 4078 AEgre
786 4012 918 4077 jam]
953 4011 1141 4072 Iidem,
1182 4025 1309 4074 qtios
1354 4012 1481 4074 dixi,

426 4095 567 4156 libri,
589 4106 681 4141 aon
698 4105 826 4152 agre
838 4105 859 4148 ,·
880 4102 1055 4139 verum
1075 4087 1283 4136 omnino
1304 4087 1482 4139 abesse

428 4169 587 4220 debet
608 4166 735 4216 illud
756 4179 865 4214 aon.
900 4162 1125 4214 Medius.

495 4245 740 4307 Sagittam
754 4242 995 4308 (mque,
1009 4238 1119 4303 ξω]
1141 4236 1335 4290 Nescio
1359 4235 1483 4303 quid

2438 416 2610 483 1445

1550 568 1636 618 bic
1675 566 1888 617 turbent
1931 569 2258 632 membrana,
2295 568 2350 619 in
2389 584 2608 635 quarum

1553 644 1671 692 aliia
1699 644 1800 693 iata
1833 642 2056 707 (numqua
2077 644 2232 700 Indis,
2253 648 2308 693 ιιι
2325 650 2466 695 natea
2483 647 2612 696 dixt-

1552 733 1671 775 m,
1697 718 1838 779 ludin
1867 719 2215 779 mog-situdinis
2233 720 2428 783 sagitta
2446 720 2612 787 ποια)

1552 807 1656 842 non
1695 801 1832 856 sunt,
1866 794 1918 843 in
1953 794 2068 844 aliis
2113 796 2325 845 variant.
2400 796 2610 859 Nescio,

1554 868 1783 932 inquam,
1803 870 1999 931 nescio,
2023 870 2147 933 quid
2167 871 2252 920 bic
2276 872 2468 921 lateat:
2494 878 2610 921 tau·

1556 949 1664 991 tum
1719 943 2005 1006 paullatim,
2047 944 2114 992 de
2152 958 2330 994 eorum
2368 960 2486 1008 quoe
2530 960 2614 995 se-

1554 1018 1812 1067 milunnlis
1837 1018 2037 1076 inclusi,
2059 1018 2158 1066 etsi
2193 1018 2292 1067 buc
2325 1018 2500 1069 faeere
2535 1021 2614 1069 vi-

1554 1092 1792 1151 deantur,
1817 1093 2120 1145 sinceritate
2142 1094 2452 1146 addubitare
2472 1096 2611 1146 occi·

1553 1166 1657 1231 pio.
1689 1168 1900 1235 Medias.

1619 1243 1839 1306 quue
1880 1242 2041 1307 Indis]
2076 1244 2252 1305 Forte,
2285 1258 2483 1308 namqu
2518 1244 2612 1293 Itis.

1556 1316 1824 1366 Heinsius.

1620 1392 1783 1452 Ηιᾰιιι
1805 1393 2008 1455 magnit.
2030 1393 2256 1456 sagitte]
2289 1393 2426 1444 Vide
2453 1408 2612 1457 supra

1554 1464 1620 1513 ad
1665 1480 1794 1515 vm.
1830 1472 1882 1516 9.
1913 1471 1992 1516 28.
2035 1467 2348 1531 Xenophon.
2375 1466 2612 1525 Ἀναβόσ.

1556 1539 1646 1588 lib.
1686 1554 1766 1589 tv.
1801 1540 1867 1589 de
1902 1539 2217 1590 Cardncbis:
2267 1544 2283 1571 ‘
2308 1545 2475 1593 Arcus
2506 1551 2614 1594 ter-

1554 1628 1676 1663 num
1719 1612 1832 1663 fere
1875 1615 2101 1665 cubitum
2133 1615 2417 1678 habebant,
2455 1618 2611 1681 sagit·

1558 1695 1656 1749 tas,
1677 1688 1810 1738 binis
1839 1688 2026 1738 cubitis
2048 1690 2323 1754 longiores.
2355 1724 2361 1734 -
2392 1692 2617 1756 Ner-vos,

1554 1762 1787 1813 emissuri
1823 1764 2061 1826 sagittas,
2098 1778 2276 1813 versus
2311 1766 2460 1816 imam
2498 1780 2612 1829 par·

1551 1845 1659 1889 tem
1705 1851 1854 1889 arcus
1893 1836 2198 1901 tendebant,
2239 1839 2426 1901 pedem
2460 1840 2611 1890 ainis·

1552 1918 1686 1963 trum
1712 1912 2066 1976 adplicantes:
2103 1912 2305 1976 sagitte
2334 1914 2477 1977 ipsos
2499 1915 2610 1978 cly-

1550 2004 1678 2053 peos
1699 1995 1755 2038 et
1777 1988 1960 2038 loricas
1985 1987 2366 2051 penetrabant.'
2388 1990 2610 2039 Freiask.

1619 2063 1933 2129 Inflgeretar]
2005 2062 2256 2128 Ιιιῂςενιι,
2301 2062 2420 2113 libri
2467 2064 2610 2115 editi.

1556 2140 1766 2189 Modiin.

1618 2215 1646 2277 §
1671 2217 1735 2262 10
1766 2214 1846 2264 Aci
1865 2211 2183 2276 spoliandum]
2234 2210 2435 2261 Iterum
2461 2212 2611 2274 editi,

1553 2290 1616 2336 aa
1637 2288 2004 2351 exspoliandum
2037 2286 2266 2335 Medius.

1619 2364 1648 2425 ξ
1671 2367 1731 2412 11
1767 2362 1970 2422 Ιιύίοετε
1989 2360 2174 2422 corpori
2191 2358 2299 2423 suo]
2348 2358 2609 2409 Membra-

1556 2452 1658 2502 nae,
1689 2450 1823 2500 quem
1858 2440 1912 2485 ιιι
1942 2435 2160 2496 injiceret
2191 2434 2375 2499 corpora·
2407 2448 2490 2484 sao
2510 2448 2608 2483 mu·
2649 2487 2661 2494 ,

1554 2525 1663 2573 aus,
1707 2512 1792 2569 sio,
1835 2511 1971 2559 eredo
2000 2510 2176 2566 nubiti,
2211 2512 2294 2572 ᾁσ.
2334 2511 2534 2573 inepte,
2565 2511 2611 2560 sl

1554 2585 1678 2651 quid
1703 2583 1860 2634 aliud.
1893 2583 2108 2632 Modiin.

1617 2659 1836 2722 Sulv'eoto
1873 2659 2114 2722 mucrone]
2150 2657 2460 2708 Rectissime
2502 2659 2611 2708 sab-

1538 2737 1667 2798 jecto
1681 2753 1701 2794 ,-
1725 2751 1788 2784 an
1809 2734 2020 2784 damnes
2043 2742 2237 2797 tamen,
2261 2733 2398 2796 quod
2421 2734 2612 2784 alieubi

1553 2811 1760 2862 memini
1803 2810 1999 2871 videre,
2041 2809 2287 2859 subrecto?
2317 2807 2608 2859 Acidalins.

1552 2891 1664 2952 Ego
1687 2901 1890 2954 qnoque
1913 2885 2208 2936 divinabam
2235 2883 2445 2934 subrecto
2461 2901 2478 2933 .·
2519 2884 2610 2934 ad-

1540 2968 1690 3030 jutus
1712 2979 1816 3014 non
1841 2963 2056 3013 absimili
2078 2963 2192 3012 loco
2215 2961 2365 3011 Statii
2392 2975 2474 3012 ιι.
2495 2963 2611 3011 563.

1553 3043 1570 3070 ‘
1592 3042 1770 3106 thue
1809 3052 1967 3109 super
2000 3045 2246 3098 stantem,
2290 3050 2610 3101 pronumque

1553 3117 1604 3165 in
1627 3121 1844 3180 pectore
1867 3113 2046 3175 sensit,
2073 3111 2246 3175 Erigit
2279 3112 2482 3161 occulte
2506 3110 2608 3161 fer·

1555 3190 1705 3242 rum.'
1743 3187 1966 3238 Freinsh-

1619 3268 1648 3330 §
1670 3269 1732 3313 13
1767 3262 1849 3312 Aa
1870 3262 2223 3328 connitendum]
2279 3259 2493 3310 Eaedem
2519 3258 2608 3308 ad-

1552 3340 1654 3389 buc
1691 3336 2023 3397 membrana,
2046 3343 2094 3384 et
2117 3341 2360 3397 postquam
2389 3337 2502 3383 «uteo
2534 3335 2609 3382 ni-

1554 3412 1626 3460 hil
1644 3414 1885 3472 supererat
1907 3409 2081 3456 viriam
2095 3424 2114 3466 ‚-
2152 3421 2254 3456 non
2279 3409 2442 3456 multo
2466 3407 2612 3455 meli·

1557 3499 1637 3536 us.
1673 3483 1898 3532 Medias:

1627 3561 1700 3610 Ne
1722 3557 1792 3608 sic
1813 3557 2020 3621 quidem]
2062 3553 2362 3619 [aagendam
2397 3569 2522 3620 ergo
2556 3555 2610 3606 in

1555 3635 1810 3686 Galteroz
1833 3635 1850 3662 ‘
1871 3632 1973 3682 Sed
1993 3646 2161 3696 neque
2179 3631 2253 3680 sic
2269 3629 2502 3694 proferre
2519 3645 2610 3694 po-

1556 3719 1672 3762 tens
1688 3708 1982 3760 venerabile
1999 3711 2220 3769 corpus.’
2283 3705 2519 3756 Raderns
2536 3707 2611 3757 ci·

1556 3786 1708 3848 tavit,
1737 3783 1832 3834 Sed
1861 3797 2008 3847 aeque
2043 3797 2110 3845 ae,
2137 3786 2220 3850 ξε.
2286 3779 2466 3845 Ipsum
2494 3795 2613 3831 aue·

1555 3869 1721 3912 torem
1743 3860 1968 3910 nancisci
1990 3873 2091 3909 non
2109 3859 2252 3923 potui
2273 3875 2286 3908 ι
2310 3858 2448 3923 quod
2470 3872 2612 3920 mag·

1554 3950 1753 4001 nopere
1785 3935 2047 4000 optabam,
2078 3935 2260 3982 saltem
2283 3941 2342 3982 ut
2364 3931 2612 3992 viderem,

1558 4025 1625 4061 an
1644 4010 1707 4059 ad
1731 4008 2016 4075 supplenda
2038 4008 2289 4059 Curtiana
2319 4004 2612 4071 fragmenta

1558 4086 1786 4149 presidii
1824 4084 2017 4150 aliquid
2051 4083 2171 4134 inde
2205 4081 2314 4146 peti
2341 4083 2608 4147 potuisset.

1558 4163 1782 4214 Freinsh-

1625 4239 1654 4300 ς
1678 4241 1740 4288 14
1776 4235 1982 4286 Tandem
2006 4231 2283 4296 Pena-mas]
2327 4231 2482 4284 Hanc
2502 4246 2608 4286 om.

1538 429 1680 476 mn.
1727 429 1836 477 tx.
1882 430 2044 478 cn.
2089 417 2152 478 5.
