3222 4944
855 441 921 498 Q.
968 435 1225 485 oum-n
1277 435 1455 485 uum
1506 437 1654 486 mn.
1702 435 1863 486 vni.
1908 437 2071 486 car.
2113 425 2176 486 4.

418 577 517 637 dit,
546 579 839 642 junctoque
870 592 933 626 eo
965 577 1209 640 pontibus
1246 576 1471 642 quinque

418 660 591 702 tamen
646 653 827 704 diebus
881 654 1089 718 trajecit
1154 654 1476 704 exercitum-⁹

417 726 682 778 Acidalia.

482 805 549 854 Ia
564 807 681 855 sella
710 804 861 868 regis]
895 805 1029 854 Vide
1055 804 1371 854 Brissnuium
1404 804 1473 853 de

420 881 597 944 Regno
631 881 906 930 Persarum
940 879 1029 930 lib.
1066 892 1104 926 ι.
1140 893 1257 942 pag.
1288 884 1371 928 20.
1406 879 1474 928 de

419 954 663 1004 Romanis
697 955 870 1018 Impp.
904 955 1164 1019 Spartiau.
1197 955 1253 1004 in
1278 957 1473 1006 Severo

419 1044 535 1094 cap.
560 1034 607 1079 l.
644 1031 866 1082 Frentan-

482 1107 513 1169 ς
536 1110 595 1155 17
630 1107 819 1169 eupit-1
840 1107 999 1172 sorel]
1038 1107 1253 1169 Capitale
1284 1107 1472 1170 vulgo}

418 1180 511 1230 sed
546 1183 752 1230 memini
784 1181 919 1232 idern
954 1197 1165 1232 monere
1186 1181 1331 1232 alibi.
1361 1183 1473 1230 Μο-

413 1254 536 1304 ds’us.
606 1256 799 1318 Capitol
818 1257 979 1320 foret]
1012 1258 1283 1309 Quomodo
1314 1259 1473 1306 etiam

414 1328 621 1378 Medius
634 1331 901 1392 rescripsit
914 1347 931 1391 3
944 1331 1036 1380 sed
1050 1333 1185 1392 apud
1201 1331 1317 1380 Val-
1328 1331 1474 1381 Max.

416 1417 470 1452 v.
493 1409 541 1452 l.
566 1408 645 1453 ll.
674 1411 785 1454 eat.
818 1405 975 1454 etiam
1008 1405 1209 1468 capitale
1241 1411 1339 1466 est,
1370 1419 1473 1454 nou

411 1477 605 1541 capital.
622 1479 873 1529 Raderns.
925 1480 987 1528 In
1008 1481 1141 1530 lianc
1162 1495 1339 1530 vorem
1358 1494 1473 1544 pas-

415 1554 510 1604 sim
562 1556 841 1604 sevierunt
884 1555 1133 1604 librorum
1188 1555 1473 1604 vitiatores.

419 1629 613 1690 Capitol
636 1629 1003 1692 antiquissimo
1023 1628 1333 1678 membrano
1356 1630 1475 1678 Flo-

418 1700 652 1758 rentinb,
679 1713 735 1752 et
750 1704 825 1751 sic
846 1702 973 1751 bene
990 1701 1231 1752 ediderat
1247 1701 1473 1758 Medius,

416 1778 505 1841 qui
530 1792 647 1828 cnm
669 1779 917 1828 Carrioue
939 1777 1171 1826 eamdem
1196 1791 1371 1828 vocem
1393 1777 1473 1830 si-

416 1853 507 1914 lio,
531 1859 589 1902 ut
610 1860 667 1916 et
690 1852 1007 1914 Bougursius
1027 1851 1475 1916 Justino,nosque

416 1928 513 1990 ipsi
528 1927 675 1976 Livio
693 1927 1027 1976 restituimus.
1060 1926 1229 1975 Porro
1240 1926 1316 1976 sic
1332 1939 1471 1976 ama-

416 2002 543 2052 bant
563 2004 615 2051 in
650 2003 865 2066 legibus,
895 2003 911 2031 ‘
936 2003 1024 2066 qui
1052 2001 1151 2051 hoc
1175 1999 1363 2050 fecerit
1385 2015 1471 2050 ea·

418 2079 545 2140 pital
565 2077 669 2138 sit‚’
695 2091 787 2141 per
808 2077 1012 2139 ellipsin
1038 2076 1388 2137 pronominis;
1413 2083 1472 2125 ut

415 2155 467 2202 in
487 2153 803 2202 eontrarium
838 2151 853 2179 ‘
872 2153 981 2202 sine
1005 2151 1187 2201 frande
1208 2149 1313 2212 sit‚'
1329 2159 1471 2200 utro-

420 2229 575 2292 bique
610 2228 795 2278 omisso
818 2233 833 2256 ⁸
853 2226 964 2276 illi.’
1010 2226 1279 2274 Gronovius
1297 2227 1363 2275 ud
1384 2225 1472 2274 Ss-

417 2317 580 2352 ueceus
602 2304 903 2352 Genti-orere.
929 2313 1020 2350 ιιι.
1038 2304 1087 2349 8.

484 2380 513 2441 §
534 2383 599 2428 20
620 2377 793 2440 Sacas]
825 2378 931 2426 Cur
952 2377 1034 2426 liic
1059 2381 1287 2425 vastatas
1308 2375 1385 2423 ait
1404 2374 1471 2424 ab

421 2452 725 2503 Alexandro
745 2453 988 2503 Sacarum
1012 2458 1197 2513 terras,
1235 2464 1353 2500 cum
1388 2463 1473 2499 su·

420 2542 514 2593 pra
536 2542 635 2577 vu.
656 2534 711 2580 9.
730 2534 807 2578 19.
833 2544 889 2578 se
912 2528 1009 2591 ipsi
1036 2542 1143 2590 per·
1156 2528 1355 2590 legatos
1384 2526 1473 2578 de·

417 2606 663 2667 diderint,
704 2606 856 2655 misso
902 2606 967 2653 ad
1010 2604 1149 2675 ipsos
1188 2602 1473 2667 Exeipiuo?

418 2681 697 2732 Defecisse
742 2682 857 2731 illos
896 2695 1011 2731 enm
1054 2679 1325 2743 Sogdianis
1374 2691 1473 2727 uon

417 2756 616 2805 dubito.
650 2758 883 2805 Rada-us.
940 2754 1003 2805 In
1024 2756 1117 2803 bac
1142 2754 1473 2818 expeditione

421 2832 599 2881 urbem
628 2847 832 2895 quoque
864 2832 929 2881 iis
952 2830 1005 2879 in
1030 2832 1157 2881 locis
1179 2829 1473 2880 condidisse

420 2913 818 2955 cousentaneum
842 2913 945 2956 est:
982 2905 1049 2956 de
1083 2906 1269 2970 quibus
1309 2904 1471 2954 Isido-

422 2994 507 3031 rus
537 2981 591 3030 iu
612 2983 841 3041 Σταθμοῖς
863 2982 1151 3030 Parthicis:
1186 2983 1201 3008 ‘
1219 2980 1353 3029 Inde
1381 2980 1471 3030 Sa·

418 3070 613 3119 carum,
633 3065 687 3106 et
709 3070 873 3119 prope
897 3056 1213 3106 Alexandria
1241 3055 1385 3117 urbs,
1416 3061 1475 3104 et

420 3144 581 3195 prope
604 3131 1036 3193 Alexandropolis
1060 3130 1217 3181 urbs!
1272 3130 1471 3179 Salma-

419 3207 547 3255 sinm
570 3206 781 3254 illumin
803 3207 959 3255 Solin.
982 3208 1223 3270 pag.'194.
1245 3202 1473 3253 consule.

423 3281 648 3329 Freinsh.
714 3282 961 3329 Sacarum
984 3292 1110 3341 gens
1134 3278 1397 3327 deditione
1418 3278 1471 3325 iu

420 3352 577 3413 fidem
596 3361 809 3413 recepta
825 3351 997 3400 fuerat
1013 3366 1115 3401 vu.
1136 3356 1187 3400 9.
1202 3364 1338 3400 nunc
1354 3357 1474 3413 post

420 3428 771 3481 defectionem
792 3426 931 3477 ferro
958 3432 1013 3474 et
1034 3424 1247 3473 flammis
1270 3427 1324 3469 in
1344 3426 1475 3469 ordi.

422 3522 539 3558 nem
564 3505 837 3567 redigitur.
870 3504 1047 3553 ceum.

487 3584 517 3647 ξ
538 3586 599 3631 21
632 3580 954 3643 cohortantis]
990 3578 1102 3641 Ego
1124 3576 1239 3639 jam
1260 3574 1348 3625 diu
1373 3586 1475 3623 me-

422 3672 536 3709 cum
560 3656 785 3719 disputo,
805 3660 863 3703 et
884 3652 1099 3703 Homeri
1128 3650 1320 3711 verbis,
1352 3647 1475 3699 κατὰ

425 3730 575 3797 φρένα
612 3728 888 3793 μερμηρίζω,
940 3727 1143 3777 πεπαίνει
1184 3726 1238 3775 in
1286 3730 1477 3788 pedore

424 3822 581 3867 caso,
619 3806 743 3870 quid
786 3806 863 3854 ita
906 3804 1152 3852 Roxanen
1194 3800 1477 3851 Cohortani

426 3877 661 3945 Satrapes
674 3880 829 3931 liliam
841 3879 909 3930 Q.
919 3879 995 3928 Cu
1001 3878 1127 3927 rtius
1136 3874 1477 3941 faciat,quam

429 3959 518 4007 alii
554 3970 804 4006 consensu
842 3952 1056 4003 Oxatris
1093 3951 1179 4001 vel
1212 3949 1481 4013 Oxyartis.

2434 423 2604 491 1329

1546 583 1729 628 cautus
1751 585 1806 629 et
1827 579 1936 628 veri
1959 577 2180 642 diligens
2205 577 2498 643 historicus,
2527 581 2606 630 ita

1545 653 1728 703 scribit
1751 667 1829 703 rr.
1847 659 1897 703 8.
1919 657 2004 704 28.
2041 654 2058 682 ‘
2075 653 2202 703 Erat
2223 653 2470 718 Oxyartis
2495 653 2606 704 filia

1546 729 1690 791 virgo
1703 729 1815 793 jam
1833 730 1946 778 viro
1967 737 2189 790 matura,
2202 730 2412 779 Roxane
2429 729 2606 783 dieta-⁹

1544 805 1722 869 Atque
1742 805 1872 854 adeo
1889 805 2188 854 Alexander
2207 805 2344 867 apud
2369 804 2602 854 Curtium

1544 893 1603 931 1.
1625 887 1674 931 8.
1699 887 1780 931 11.
1811 880 1830 908 ‘
1849 881 2061 930 Oxatris
2092 881 2269 930 Persa
2301 879 2458 930 filiam
2495 893 2604 929 me-

1546 971 1664 1005 cum
1687 957 1738 1006 in
1771 956 2096 1006 matrimonio
2122 955 2317 1019 junxi.’
2380 955 2602 1004 Iterum·

1548 1047 1649 1098 que
1673 1035 1884 1084 Curtius
1905 1034 2104 1084 indicat
2127 1045 2205 1082 ix.
2227 1037 2278 1083 8.
2316 1035 2392 1082 1⁰.
2423 1032 2440 1060 ⁴
2460 1032 2605 1081 Oxa-

1546 1115 1654 1160 tres
1677 1115 1872 1172 praetor
1895 1108 2281 1158 Bactrianorum
2317 1121 2418 1156 non
2451 1106 2603 1158 abso-

1545 1185 1686 1234 lutus
1720 1185 1892 1241 modo,
1925 1183 2016 1233 aed
2051 1183 2206 1232 etiam
2239 1182 2362 1244 jure
2395 1182 2604 1242 amoris,

1544 1260 1807 1322 amplioris
1823 1258 2022 1322 imperii
2039 1257 2262 1306 dentatus
2281 1264 2362 1306 est
2375 1255 2604 1307 finibus?

1544 1333 1648 1384 Ubi
1667 1335 1878 1384 Curtius
1895 1348 2022 1383 sane
2037 1347 2186 1397 quam
2201 1333 2464 1394 eleganter
2485 1334 2502 1360 ⁶
2513 1331 2604 1395 jus

1544 1411 1730 1458 amoris
1753 1409 1770 1434 '
1801 1409 1948 1470 dicit,
1995 1410 2116 1475 quia
2155 1423 2256 1459 nou
2301 1423 2369 1458 ex
2412 1409 2604 1458 merito

1548 1489 1830 1545 promotus,
1863 1483 1954 1532 sed
1977 1484 2044 1531 ab
2068 1484 2164 1532 hoc
2187 1483 2240 1532 in
2259 1481 2418 1532 filiam
2441 1481 2603 1531 affee-

1548 1565 1625 1608 tu.
1689 1558 1830 1610 Quid
1871 1559 2060 1620 igitur?
2096 1559 2240 1607 illum
2278 1572 2370 1620 pro
2411 1557 2606 1608 Cohor-

1546 1639 1672 1681 tauo
1705 1632 2096 1681 substituimus?
2129 1631 2216 1696 (ut
2247 1632 2408 1681 Aldus
2445 1629 2604 1695 fecit)

1546 1707 1876 1758 temerarium
1890 1708 1961 1757 sit
1977 1713 2034 1756 et
2053 1707 2258 1757 falsum.
2325 1708 2378 1757 N
2379 1722 2460 1756 aru
2483 1721 2602 1772 qun

1542 1782 1626 1831 liic
1639 1790 1912 1832 narrantur
1927 1795 2030 1831 uon
2047 1788 2336 1845 congruunt
2355 1780 2602 1846 Oxyarti‚

1543 1859 1631 1922 qui
1647 1857 1848 1922 jamdiu
1872 1859 1922 1906 iu
1949 1857 2056 1908 fide
2095 1858 2252 1921 regis.
2316 1857 2458 1907 Puto
2493 1857 2602 1907 hia·

1543 1941 1652 1983 tum
1697 1933 1918 1998 aliquem
1963 1939 2019 1982 et
2067 1929 2328 1982 defectum
2367 1945 2502 1994 esse,
2543 1939 2602 1983 et

1542 2016 1664 2072 post
1695 2009 1784 2058 iila
1816 2009 1884 2058 de
1921 2007 2218 2059 Cohortano
2253 2008 2602 2058 narrationem

1541 2083 1700 2134 fuisse
1725 2083 1792 2134 de
1817 2083 2030 2134 Oxatris
2066 2083 2310 2132 comitate
2341 2088 2398 2131 et
2427 2082 2601 2131 convi-

1543 2161 1644 2218 vio,
1665 2159 1816 2222 cujus
1833 2173 2020 2210 caussa
2041 2160 2152 2207 aive
2191 2157 2398 2207 occasio
2435 2156 2602 2206 deest.

1541 2233 1801 2283 Ponamns
1823 2233 1982 2296 igitur
1997 2230 2249 2293 ἐκλείψεως
2269 2239 2446 2280 notam
2462 2231 2601 2280 inter

1544 2309 1654 2358 baec
1681 2307 1860 2370 verba,
1891 2306 2092 2356 tradit·
2113 2307 2318 2356 borbore
2345 2305 2600 2368 opulentia.

1546 2383 1682 2432 Nam
1705 2388 1766 2432 ut
1786 2382 1936 2431 aliter
1959 2395 2096 2430 nnnc
2127 2379 2394 2444 suppetias
2416 2378 2601 2441 feram,

1544 2469 1648 2506 uon
1667 2463 1746 2507 est
1767 2456 1934 2521 copia.
1961 2456 2204 2506 Rubeniu
2227 2457 2434 2505 Elector.
2456 2469 2495 2506 1.
2514 2457 2600 2504 29.

1548 2532 1676 2581 Mihi
1717 2532 2010 2581 Cohortem
2031 2531 2116 2580 ille
2135 2540 2286 2580 natus
2311 2530 2514 2581 videtur
2535 2542 2602 2577 ex

1547 2608 1761 2657 aliorum
1808 2607 2056 2656 Cher-isus.
2134 2606 2376 2655 Ceterum
2431 2606 2604 2653 Roxa-

1546 2698 1646 2734 neu
1696 2680 1946 2747 Oxyatris
1989 2680 2148 2731 filiam
2195 2682 2382 2729 iterum
2401 2680 2602 2742 -appel-

1544 2760 1621 2809 lat
1655 2759 1906 2808 Arrianus
1947 2771 2051 2807 vu.
2091 2761 2139 2805 1.
2185 2760 2262 2805 18.
2298 2753 2490 2803 Strabo
2511 2752 2602 2803 lib.

1546 2847 1629 2883 ιι.
1681 2834 1696 2861 ‘
1716 2832 1780 2881 Iu
1813 2829 2131 2893 Bactriana,'
2175 2828 2360 2893 inquit,
2394 2827 2410 2854 ‘
2429 2840 2604 2891 sump-

1546 2916 1696 2959 tuose
1740 2906 2012 2957 admodum
2055 2904 2280 2968 hospitio
2323 2910 2600 2965 exceptum

1548 2982 1920 3045 Alexandrum,
1942 2994 2060 3030 cum
2100 2980 2313 3029 Roxane
2349 2978 2600 3041 Oxyart-

1544 3060 1652 3111 filia
1693 3058 1904 3122 nuptias
1958 3054 2261 3120 peregisse.'
2339 3053 2600 3101 Diodorus

1547 3148 1717 3186 xvur.
1755 3137 1806 3182 8.
1842 3138 1996 3181 vocat
2028 3129 2333 3193 ‘Oxyarteu
2371 3126 2602 3177 Bactria-

1545 3222 1724 3259 norum
1747 3220 1944 3270 ressem,
1961 3206 2108 3269 eujus
2137 3212 2312 3253 natam
2353 3204 2604 3251 Roxanen

1542 3283 1768 3334 duxerat
1789 3277 2125 3331 Alexander:
2187 3276 2380 3327 Strabo
2404 3275 2492 3325 lib.
2517 3284 2602 3323 11.

1543 3363 1559 3387 ⁸
1577 3357 1746 3406 Petra
1783 3352 2083 3403 Shimithroe
2120 3351 2172 3398 in
2210 3349 2510 3408 Bactriana,
2547 3346 2606 3393 in

1544 3444 1650 3491 qua
1668 3430 1930 3489 Oxyartes
1946 3424 2102 3470 filiam
2120 3422 2297 3469 habuit
2321 3415 2605 3467 Roxanen!

1544 3499 1750 3551 Arriani
1783 3497 2004 3561 priorem
2030 3496 2196 3545 locum
2219 3491 2383 3542 refert
2403 3500 2460 3543 et
2489 3492 2606 3542 Sui·

1543 3577 1636 3626 das
1666 3575 1718 3623 lu
1749 3569 2070 3634 Ἀλέξανδρος.
2135 3570 2364 3631 Eamque
2397 3574 2606 3617 seuten-

1545 3651 1672 3700 tiam
1718 3647 1868 3713 sequi
1909 3645 2116 3695 videtur
2161 3645 2306 3693 Plut.
2351 3642 2416 3691 de
2459 3644 2608 3693 Fort-

1544 3725 1698 3776 Alex.
1721 3738 1760 3774 1.
1784 3727 1865 3773 Π.
1903 3734 2056 3786 quem
2089 3718 2176 3783 qui
2199 3718 2387 3767 erroris
2411 3718 2604 3781 arguit,

1546 3808 1724 3862 errat;
1755 3798 1856 3849 fuit
1889 3797 2024 3847 enim
2051 3796 2288 3855 Roxane,
2321 3794 2602 3843 secuudum

1544 3876 1814 3927 nonnullos
1852 3880 2111 3932 auctores,
2131 3870 2402 3932 ipsumque
2431 3868 2604 3917 Curti·

1548 3966 1634 4002 um
1679 3964 1798 3999 mox
1841 3962 1983 3997 uum.
2020 3950 2104 3995 26.
2147 3945 2284 3992 inter
2327 3943 2560 4005 captivas
2583 3956 2601 3991 ε
2651 3940 2677 3987 .’

430 4032 612 4083 Verba
634 4030 748 4093 ejus
784 4035 905 4080 snut
934 4029 1047 4076 inec
1068 4042 1085 4093 ε,
1115 4024 1235 4075 [ads
1267 4026 1481 4087 mair
1549 4040 1666 4076 uam
1689 4026 1903 4075 saltasse
1929 4028 1986 4071 et
2005 4019 2254 4069 cecinisse
2275 4017 2328 4065 in
2350 4014 2605 4076 convivio,

428 4110 485 4159 ίιι
523 4106 779 4167 regione-⁸,
810 4104 891 4155 cai
930 4102 1225 4151 eonor-um
1256 4100 1482 4163 Satn-apa,

433 4188 514 4249 ξε.
559 4182 720 4232 Vides
734 4194 799 4229 ex
813 4185 1061 4230 contextu
1074 4182 1129 4226 et
1139 4175 1292 4231 serie,
1312 4174 1481 4238 palam

1550 4114 1618 4151 ue
1640 4099 1848 4150 Curtius
1869 4094 2078 4162 quidem
2100 4092 2285 4144 tacuit.
2317 4090 2539 4141 Frank.

1618 4174 1648 4237 ᾧ
1672 4176 1738 4222 22
1759 4172 1924 4221 Etioas
1940 4184 2064 4232 san,
2081 4168 2164 4231 qai
2180 4163 2348 4231 psass]
2361 4160 2606 4224 sigeber.

437 4259 685 4325 appellari
706 4258 973 4307 Roxanen.
1027 4251 1187 4318 Atqui
1220 4248 1489 4311 Arrianus,
1556 4262 1737 4310 geuses
1779 4247 2089 4297 membrana
2131 4241 2344 4303 liabent,
2381 4238 2608 4304 Satrapes

564 4340 741 4403 Deiph.
760 4343 808 4389 ei
824 4338 943 4388 Ver.
961 4334 1093 4385 ctas.

1417 4330 1481 4385 Q.
1506 4328 1644 4377 Curi·

2363 4318 2476 4368 41³
