3222 4944
612 396 784 463 1464

611 553 875 616 cogitabat
918 554 1031 617 plus
1081 552 1131 601 in
1186 560 1399 617 pectore
1446 554 1666 615 ingenuo

612 644 763 692 posse
802 628 1223 692 indignationem,
1268 644 1421 693 quam
1464 630 1515 679 in
1558 629 1664 692 pol-

610 706 721 754 luto
745 698 1119 767 poeuitentiam.
1160 705 1377 753 Freinsh-

678 782 921 831 Guudium
940 782 1167 846 ostendit]
1212 784 1409 833 Habuit
1434 798 1529 845 pro
1562 788 1665 831 tes·

611 856 823 905 timonio
846 858 1151 907 innocentiae
1190 857 1468 907 intestatus
1501 858 1662 906 Diox-

608 932 761 995 ippus
784 932 1025 995 gaudium
1047 931 1171 981 illud
1208 933 1515 993 invidorum,
1536 934 1662 983 satis

607 1004 879 1055 manifesto
902 1020 1047 1056 sane.
1108 1008 1163 1055 Si
1204 1007 1367 1056 simile
1404 1008 1545 1071 quid,
1569 1014 1662 1057 aut

606 1080 1027 1144 qualemcumque
1048 1080 1197 1129 aliam
1215 1082 1553 1145 suspicionem
1570 1098 1661 1145 ap·

606 1157 862 1219 posuisset
886 1156 1078 1205 Noster
1104 1170 1187 1205 ut.
1210 1161 1259 1206 7.
1284 1162 1363 1205 ts.
1386 1172 1485 1207 nou
1514 1158 1660 1207 dubi-

606 1236 875 1292 tassemus,
898 1231 1035 1279 unde
1058 1234 1379 1295 apparuerit,
1402 1234 1658 1296 Sisenem,

604 1310 811 1353 retenta
853 1306 1103 1369 Epistola,
1149 1322 1302 1371 quam
1344 1307 1467 1357 ficto
1513 1310 1659 1359 Darii

605 1384 829 1444 nomine,
852 1391 911 1432 ut
936 1389 1227 1434 tentaretur
1256 1385 1383 1435 fides
1417 1388 1547 1451 ejus,
1570 1404 1657 1437 ac-

604 1466 838 1520 ceperat,
852 1457 1010 1508 fuisse
1024 1458 1304 1525 innoxium,
1322 1476 1475 1526 quum
1491 1464 1507 1489 ⁴
1521 1463 1654 1513 haud

602 1532 759 1581 dubie
784 1534 933 1595 jussu
968 1535 1103 1597 regis
1142 1536 1209 1584 sit
1244 1536 1477 1599 occisus,'
1512 1544 1656 1586 aute-

603 1622 755 1673 quam
780 1610 845 1657 de
872 1624 926 1657 re
948 1618 1225 1660 constaret.
1257 1610 1409 1661 Saule.

651 1684 785 1734 CAP.
802 1699 925 1734 vm.
943 1688 971 1748 ξ
989 1691 1013 1734 l
1038 1688 1188 1735 CCC.
1199 1692 1337 1735 erant
1352 1688 1479 1749 equi]
1496 1688 1656 1750 Lege·

602 1759 697 1807 rim
720 1774 835 1808 cnm
861 1760 1137 1821 Glaresno,
1156 1762 1283 1810 mille
1304 1771 1437 1811 eram
1461 1765 1655 1825 equites,

598 1837 797 1883 trecenti
808 1838 1080 1897 cuwusstsc.
1094 1836 1318 1885 Modius.
1354 1838 1437 1886 lta
1448 1838 1656 1887 Glarea-

600 1922 695 1958 nus
711 1912 828 1959 olim
844 1914 1081 1975 mutavit,
1098 1912 1271 1961 nescio
1289 1913 1449 1973 unde;
1472 1918 1555 1963 cui
1568 1916 1654 1963 ad-

598 1984 763 2033 baeret
781 1986 985 2035 Modius
1006 2002 1019 2033 ε
1056 2000 1117 2034 ac
1139 1986 1265 2035 satis
1282 1988 1378 2035 hoc
1393 2003 1653 2053 curruum,

598 2060 720 2107 satis
734 2074 979 2124 equorum
992 2060 1285 2123 esse,facile
1304 2070 1518 2127 uterque
1536 2079 1650 2128 per·

597 2135 855 2183 suaserint
897 2136 1049 2184 mihi:
1106 2150 1208 2185 nou
1254 2138 1412 2186 etiam
1458 2140 1522 2187 de
1571 2149 1651 2190 tot

596 2210 874 2273 equitibus,
898 2210 977 2259 vel
1001 2212 1203 2259 omnino
1222 2212 1476 2276 equitibus
1494 2214 1650 2263 doua-

597 2282 697 2342 tis;
734 2286 819 2347 qui
840 2284 963 2332 nulli
1000 2286 1243 2348 leguntur
1280 2290 1331 2336 iu
1368 2289 1484 2336 ullis
1520 2291 1651 2340 adeo

592 2358 753 2409 libris.
843 2360 973 2409 Nam
1007 2362 1131 2424 equi,
1170 2376 1270 2410 uon
1316 2366 1510 2426 equites,
1546 2381 1651 2414 om-

593 2448 685 2484 ues
710 2434 917 2485 babent.
973 2436 1125 2489 Quod
1160 2439 1201 2486 si
1236 2438 1446 2490 licentia
1469 2440 1648 2492 eadem

592 2510 910 2574 conjectandi
934 2511 1014 2561 fas
1056 2514 1213 2562 etiam
1248 2516 1323 2564 uti
1352 2518 1519 2579 uobis,
1542 2531 1649 2566 ma·

590 2587 770 2636 luerim
786 2575 859 2635 ita
872 2588 1062 2650 potius,
1076 2589 1269 2638 extrita
1288 2604 1493 2653 prorsus
1508 2593 1647 2654 equi-

590 2669 699 2711 tum
745 2663 1021 2723 mentione,
1080 2664 1228 2713 000.
1273 2671 1407 2714 erant
1460 2681 1648 2728 currus,

590 2751 703 2800 quos
740 2739 1017 2800 quadriiugi
1060 2739 1166 2798 equi
1205 2740 1446 2790 ducebant.
1530 2742 1647 2791 Hoc

589 2815 748 2876 uude,
765 2817 807 2863 si
830 2817 976 2863 lubet
994 2814 1191 2876 audire,
1210 2814 1373 2863 dicam
1389 2833 1403 2874 ;
1427 2833 1540 2881 quae
1555 2818 1644 2868 de-

586 2889 709 2944 levi,
754 2905 784 2939 e
827 2892 992 2952 glossa
1043 2897 1168 2953 puto
1220 2891 1507 2954 irrepsisse,
1550 2895 1642 2944 sed

584 2965 753 3026 glossa
797 2980 893 3013 nec
931 2966 1045 3028 ipsa
1079 2965 1394 3028 incorrupta.
1464 2969 1644 3019 Fuerit

587 3043 643 3088 et
664 3040 801 3104 huic,
826 3049 881 3089 et
904 3039 1221 3103 corruptioni
1262 3043 1371 3105 ejus
1396 3044 1541 3108 origo
1566 3054 1643 3095 ta·

585 3113 667 3163 lis.
721 3114 804 3164 Ad
832 3114 1111 3178 marginem
1134 3117 1248 3164 libri
1274 3117 1352 3166 sui
1374 3129 1641 3183 computa-

588 3194 669 3236 rat
694 3188 876 3253 aliquis
891 3197 946 3238 et
968 3197 1171 3238 notarat
1202 3205 1464 3242 numerum
1487 3209 1641 3258 equo·

585 3277 718 3326 rum,
742 3272 869 3328 quot
900 3264 1239 3326 conficerent,
1270 3268 1312 3316 si
1347 3271 1640 3336 quadrijugi

582 3340 885 3401 traxissent,
910 3347 1167 3391 trecentos
1188 3357 1383 3393 currus.
1454 3344 1638 3410 Itaque

554 3417 881 3480 scripserat.
912 3418 1020 3482 equi
1044 3417 1171 3468 mille
1200 3419 1303 3467 00.
1325 3426 1449 3484 quot
1480 3423 1640 3471 omni-

583 3504 649 3540 no
689 3493 916 3542 existunt
944 3509 975 3541 e
1008 3494 1454 3556 multiplicatione.
1508 3497 1638 3546 Mox

581 3567 771 3613 deinde
793 3567 1115 3615 librariorum
1140 3581 1317 3616 errore
1352 3573 1636 3620 centenarii

580 3653 720 3692 notoe
744 3643 797 3690 in
832 3643 1046 3704 denarii,
1076 3643 1211 3706 quod
1248 3642 1419 3703 facile,
1440 3653 1497 3694 et
1522 3661 1636 3708 pas-

580 3717 675 3766 sim
710 3718 761 3766 iu
798 3717 910 3764 aliis
949 3717 1231 3780 saepissime
1268 3716 1482 3784 factum,
1518 3736 1638 3772 con-

580 3808 772 3844 versae:
809 3801 863 3840 et
898 3792 978 3839 bre
1013 3805 1129 3839 cum
1166 3791 1283 3840 duas
1330 3803 1520 3857 essent,
1560 3805 1637 3846 te..

580 3881 722 3918 mere
758 3878 931 3932 porro,
976 3873 1032 3914 ut
1068 3865 1154 3914 isti
1195 3866 1211 3892 ‘
1236 3866 1514 3919 fecundum
1553 3879 1638 3922 est

578 3956 756 3992 semen
786 3939 1079 3996 adulterio:
1116 3941 1273 3991 tertia
1313 3957 1515 4007 quoque
1549 3961 1638 3995 ac.

578 4016 755 4078 cessit,
789 4019 848 4064 ut
878 4015 929 4063 in
964 4021 1262 4064 contextum
1296 4016 1513 4082 denique
1548 4036 1636 4084 p..

580 4093 712 4142 riter
770 4092 872 4141 ista
928 4089 1297 4152 reciperentur,
1350 4095 1459 4154 equs·
1510 4096 1638 4146 utine

583 4171 770 4220 XXX.
781 4165 966 4233 quibus
984 4165 1178 4215 abactis
1191 4173 1244 4215 et
1258 4166 1491 4230 abJectls,
1502 4169 1637 4220 inte·

579 4259 723 4308 grum
746 4257 862 4294 esse
899 4244 1067 4292 locum
1093 4242 1299 4292 minimo
1336 4257 1486 4295 secus
1520 4247 1636 4312 ipse

1308 414 1527 462 NOTAE
1572 412 1974 462 VARIORUM
2027 415 2101 461 IN

1741 554 1916 617 credo,
1941 568 2108 619 neque
2145 554 2258 606 fere
2291 554 2524 605 dubitem
2559 556 2790 621 ejusdem

1741 632 2014 680 sententiae
2060 639 2242 681 auctor
2276 634 2390 681 aliis
2431 632 2565 693 fieri,
2609 634 2792 695 quibus

1740 704 1958 753 liberum
1983 713 2154 754 tamen
2164 706 2416 769 judicium
2439 707 2790 769 relinquo,cu·

1739 793 1848 827 ram
1863 781 2015 829 etiam
2035 782 2332 843 diligentius
2347 782 2634 845 inquirendi
2651 796 2793 830 man-

1739 854 1824 917 do,
1861 856 1902 905 si
1938 856 2059 919 quid
2085 856 2288 905 aliunde
2323 858 2518 905 certius
2551 857 2662 905 erui
2701 870 2792 917 po-

1740 936 1877 991 test3
1898 944 2012 979 nam
2031 930 2166 994 quod
2189 945 2287 993 ego
2307 932 2388 979 vel
2405 930 2490 978 alii
2507 930 2792 992 attulimus,

1737 1004 1930 1053 firmari
1955 1007 2247 1055 testimonio
2267 1007 2466 1070 nequit.
2522 1005 2676 1068 Apud
2693 1006 2792 1055 bis-

1738 1079 1885 1127 toriae
1911 1081 2056 1142 hujus
2081 1088 2313 1130 auctores
2337 1082 2529 1130 frustra
2555 1096 2788 1145 quaereu·

1739 1154 1806 1203 do
1831 1152 1926 1215 fui,
1949 1170 2076 1219 quos
2113 1172 2228 1205 cum
2253 1156 2404 1206 anxie
2431 1158 2676 1205 antestari
2702 1172 2789 1205 cu-

1740 1243 1935 1290 perem,
1981 1232 2255 1281 auriculam
2309 1246 2571 1295 opponere
2611 1240 2790 1281 omnes

1735 1314 2057 1355 recusarunt.
2115 1308 2303 1357 Acidal.
2393 1308 2530 1357 Mitte
2581 1310 2789 1368 triginta

1733 1382 1924 1444 currus]
1959 1382 2128 1431 Valde
2167 1384 2286 1431 mihi
2329 1383 2604 1446 probabilis
2647 1384 2790 1433 vide-

1735 1462 1820 1503 tur
1856 1456 2074 1505 Acidalii
2109 1459 2432 1521 conjectura.
2469 1459 2618 1508 000.
2653 1465 2790 1509 eruat

1732 1544 1918 1591 currus,
1950 1548 2066 1594 quos
2107 1536 2379 1597 quadrijugi
2414 1534 2521 1597 eqni
2541 1534 2784 1583 ducebant.

1731 1606 1906 1669 Atque
1947 1609 2036 1657 illa
2079 1624 2143 1659 eo
2181 1611 2386 1659 videtur
2425 1610 2526 1659 tide
2567 1611 2786 1672 dignior,

1731 1682 1864 1744 quod
1892 1682 2164 1731 lectionem
2187 1685 2319 1732 hanc
2351 1692 2645 1747 corruptam
2675 1698 2786 1735 esse

1729 1756 1855 1804 satis
1875 1771 1940 1805 ex
1969 1770 2047 1806 tx.
2067 1762 2116 1808 ⁴.
2139 1765 2218 1809 15.
2242 1774 2400 1822 supra
2423 1769 2661 1821 constat3
2693 1763 2784 1811 ubi

1729 1832 1975 1881 ambabus
1997 1834 2133 1882 bisce
2151 1836 2390 1897 gentibus
2413 1836 2464 1884 in
2491 1837 2782 1887 uuiversum

1726 1909 1951 1969 nongenti
1993 1915 2189 1957 tautum
2239 1908 2420 1959 cuit-rus
2465 1911 2781 1961 tribuuntur.

1727 1981 1744 2009 ‘
1769 1984 2124 2047 Quingentos’
2156 1993 2325 2034 tamen
2360 1984 2658 2035 Alexandro
2691 1990 2782 2035 mi-

1726 2058 1850 2105 sisse
1875 2059 2035 2108 tradit
2053 2059 2302 2110 Arrianus
2315 2075 2392 2111 vt.
2408 2065 2456 2110 8.
2477 2065 2526 2110 3.
2563 2062 2783 2113 Fretnsk.

1727 2133 1857 2183 Mss.
1883 2136 1962 2183 Fi.
1993 2142 2048 2184 et
2075 2136 2230 2193 Leid„
2243 2138 2491 2186 omittunt
2519 2138 2642 2200 equi,
2666 2154 2780 2201 que

1725 2224 1824 2258 vox
1855 2224 1922 2259 ex
1945 2212 2098 2260 modo
2131 2213 2464 2276 sequentibus
2495 2213 2782 2279 irrepsisse,

1725 2292 1818 2333 aiut
1873 2286 2136 2337 induxisse
2191 2288 2427 2338 librarios
2478 2296 2666 2352 potest,
2725 2300 2782 2340 et

1725 2360 1934 2409 Curtius
1959 2363 2235 2424 monuisse,
2257 2378 2404 2413 nunc·
2427 2370 2685 2413 trecentos
2707 2364 2782 2413 le-

1724 2442 1890 2499 gatos,
1911 2438 1996 2500 qui
2033 2444 2156 2488 aute
2187 2446 2396 2488 centum
2423 2453 2634 2489 numero
2666 2437 2778 2489 fue-

1723 2519 1858 2572 rant,
1879 2514 2056 2563 missos
2079 2513 2254 2564 fuisse.
2287 2515 2439 2564 Surak.

1787 2591 1815 2651 §
1854 2593 1886 2638 2
1933 2590 2262 2654 lacertmm]
2305 2592 2370 2641 In
2425 2593 2574 2655 Nysa
2613 2593 2778 2642 ludio

1721 2671 1894 2714 monte
1917 2667 2054 2715 Plio.
2091 2681 2214 2717 vm.
2249 2672 2330 2718 89.
2367 2672 2417 2717 4.
2452 2671 2670 2718 lacertas
2703 2671 2777 2719 ait

1719 2740 2040 2804 longitudine
2058 2747 2140 2792 24.
2167 2742 2354 2806 pedum
2378 2745 2614 2804 reperiri.
2648 2744 2776 2792 Tra-

1717 2816 1798 2866 dit
1811 2819 1970 2866 etiam
1987 2819 2248 2867 Gesnerus
2265 2818 2501 2882 quaedam
2518 2833 2584 2867 ex
2603 2819 2776 2870 Bello·

1717 2892 1822 2941 nio.
1857 2893 2081 2942 Freinsh.

1784 2966 1969 3029 Dorso]
2016 2967 2267 3016 Testacea
2311 2967 2654 3030 operimenta,
2704 2967 2774 3018 de

1715 3043 1898 3106 quibus
1917 3041 2121 3103 copiose
2141 3048 2252 3090 toto
2271 3055 2356 3090 tu.
2378 3046 2466 3090 11.
2485 3041 2772 3091 Aldrovan-

1713 3118 1808 3167 dus
1831 3118 1897 3166 de
1917 3119 2196 3168 Testaceis.
2261 3117 2413 3167 Adde
2436 3117 2662 3166 Plinium
2685 3131 2770 3168 rx.

1715 3199 1793 3243 ιο.
1831 3195 2064 3244 Rudms.
2263 3219 2268 3224 ·

1775 3270 1804 3332 §
1838 3271 1868 3316 8
1903 3267 2054 3317 Haud
2087 3270 2252 3331 procel
2297 3267 2462 3331 omae]
2501 3267 2652 3329 Indo,
2701 3283 2770 3319 ex

1713 3343 1879 3394 Curtii
1923 3345 2202 3405 sententia,
2237 3345 2350 3408 jam
2407 3343 2657 3408 Hydaspe
2713 3354 2769 3396 et

1714 3422 1934 3473 Acesine
1958 3429 2129 3477 aucto,
2167 3430 2227 3471 ut
2259 3437 2414 3484 supra
2437 3435 2520 3470 tx.·
2538 3427 2592 3472 ⁴.·
2613 3427 2659 3472 1.
2681 3423 2772 3471 do·

1711 3505 1906 3546 cuerat.
1949 3497 2051 3545 Sed
2071 3497 2278 3545 Arrian.
2303 3511 2382 3545 vr.
2404 3501 2451 3544 3.
2478 3498 2590 3562 (cui
2615 3497 2768 3549 facile

1709 3571 1790 3621 bic
1824 3568 2145 3633 subscribas)
2179 3583 2274 3632 per
2303 3585 2501 3622 amnem
2529 3573 2768 3637 Hydrao·

1711 3651 1814 3693 tem
1836 3657 1866 3691 a
1887 3645 2062 3692 Mollis
2077 3646 2362 3708 navigasse,
2380 3646 2544 3697 donec
2567 3648 2772 3698 veniret

1710 3718 1773 3766 ad
1797 3717 2139 3767 confluentem
2169 3719 2400 3772 Acesinis
2435 3729 2487 3770 et
2527 3723 2766 3784 Hydrae-

1711 3795 1812 3853 tis3
1837 3801 1944 3842 tum
1969 3797 2276 3856 perrexisse,
2298 3798 2462 3846 donec
2484 3798 2548 3846 ad
2571 3798 2688 3848 Indi
2713 3807 2768 3849 et

1709 3868 1944 3918 Acesiuis
1959 3868 2303 3920 confluentem
2328 3872 2632 3934 adpelle-ret.
2666 3875 2766 3925 Ra-

1707 3945 1861 3993 derus.
1929 3939 2036 3994 Res'
2057 3946 2338 3995 secundum
2377 3945 2652 3997 Arrianum
2686 3950 2762 3999 ita

1707 4019 1882 4069 habet.
1936 4020 2228 4084 Hydraotes
2251 4020 2458 4070 Acesini
2483 4023 2758 4076 miscetur:

1708 4111 1770 4145 eo
1825 4097 2098 4146 subvectus
2153 4097 2453 4146 Alexander
2500 4098 2763 4150 locaverat

1709 4179 1878 4223 castra
1899 4188 1914 4222 z
1950 4172 2138 4222 deiude
2159 4171 2566 4236 expeditionem,
2588 4175 2636 4222 in
2661 4189 2760 4237 qua

1708 4248 1772 4297 ad
1813 4247 2098 4310 periculum
2131 4245 2310 4295 mortis
2349 4247 2508 4312 veuit,
2542 4247 2760 4312 suscipi·
