3222 4944
602 355 780 427 1606
1254 364 1642 423 asenneus
1689 368 2120 423 ammomum

604 516 827 601 tineos,
842 524 1003 587 hunc
1028 522 1212 586 habet
1239 522 1511 585 titulum:
1550 524 1652 584 Jo.
1673 520 2060 585 Freinshemii
2086 517 2510 583 commentarii
2531 516 2594 577 in
2611 516 2794 579 libros

604 623 956 703 superstites
998 621 1076 690 Q.
1103 621 1293 682 Curtii
1328 620 1491 681 Rufi.
1518 612 1835 699 Argentor.
1881 614 2506 679 anemurum—Hac
2535 612 2795 675 editione

607 716 993 799 sospitatoris
1025 717 1215 779 Curtii
1253 736 1469 777 nomen
1508 716 1718 777 meruit
1743 712 2204 775 Freinshemius.
2260 711 2358 771 Ad
2386 707 2796 771 adornandam

606 832 739 885 eam
780 834 927 875 usus
975 824 1069 875 est
1114 813 1476 875 variantibus
1522 806 1903 885 lectionibus,
1951 828 1989 870 a
2029 808 2164 871 Jac.
2198 804 2531 889 Bong'atsio
2561 826 2637 869 ex
2669 803 2797 866 suis

606 908 931 971 codicibus
958 908 1037 970 ad
1057 907 1337 970 Aldinnm
1356 907 1660 987 exemplar
1685 908 1940 975 notatisz
1971 922 2206 968 necnon
2234 905 2410 967 trium
2438 905 2592 964 Mss.
2616 902 2798 963 Pala-

574 1004 862 1066 'tinorum
892 1004 1261 1080 differentiis,
1300 1024 1453 1084 quas
1478 1004 1770 1066 Gruterus
1811 1003 1952 1065 olim
1991 1001 2069 1063 ad
2119 1021 2294 1063 suurn
2321 999 2610 1061 Codieem
2649 1019 2798 1064 eon-

604 1096 862 1163 tuleratt
892 1086 1179 1184 proeterea
1204 1100 1345 1162 edd.
1362 1100 1680 1173 veteribus,
1699 1100 1934 1161 Veneta
1964 1100 2146 1160 1494.
2177 1096 2416 1170 Aldina,
2444 1095 2801 1157 Basileensi·

604 1198 720 1259 bus
763 1200 941 1262 1517.
968 1208 1032 1259 et
1063 1199 1243 1260 1545.
1306 1197 1670 1257 coloniense
1703 1195 1881 1258 1538.
1926 1195 2327 1275 Lugdunense
2357 1193 2537 1254 1591.
2567 1191 2796 1255 Elzevi-

605 1293 775 1354 riana
798 1297 855 1357 1.
880 1304 948 1356 et
971 1290 1618 1359 2.‘Amstelodamense
1642 1290 1972 1365 Janssonii,
1997 1295 2114 1352 erc.
2172 1290 2284 1351 His
2310 1291 2630 1350 instructus
2653 1288 2799 1349 sub-

606 1389 799 1463 sidiis,
844 1400 927 1466 et,
972 1390 1074 1451 nbi
1122 1408 1195 1453 ea
1248 1388 1628 1464 deficiebant,
1667 1388 1908 1451 nonnisi
1956 1385 2348 1449 certissimam
2393 1383 2796 1465 conjecturam

604 1496 871 1563 secutus,
924 1496 1153 1549 textum
1197 1485 1407 1558 multo,
1456 1502 1639 1565 quarn
1688 1484 1886 1546 adhuc
1932 1483 2283 1559 habebatur,
2331 1478 2798 1542 emendatiorem

604 1580 793 1657 dedit,
822 1582 1043 1645 additis
1069 1582 1150 1644 ad
1188 1602 1325 1645 enm
1362 1579 1782 1643 illustrandum
1812 1580 2268 1641 Commentariis
2297 1577 2460 1639 irai-ia
2483 1589 2546 1639 et
2571 1574 2797 1661 insigni

603 1676 877 1739 doctrina
900 1678 1169 1759 repleti-3
1192 1677 1465 1759 adeoque
1487 1679 1856 1758 superiorum
1871 1676 2166 1739 editorum
2183 1694 2358 1737 curas
2383 1677 2706 1756 superavit,
2725 1672 2800 1739 ut'

603 1772 736 1852 ejus
763 1782 963 1835 textus
991 1774 1210 1836 dehinc
1246 1792 1355 1853 pro
1395 1792 1602 1835 norma
1629 1782 1815 1848 esset,
1841 1792 2018 1853 quam
2048 1772 2401 1834 recentiores
2429 1772 2687 1834 editores
2713 1774 2798 1837 ad

602 1878 871 1929 nostram
916 1889 1108 1950 usque
1150 1865 1391 1931 aetatem
1432 1880 1842 1949 sequerentur.
1898 1868 1996 1931 De
2025 1862 2466 1949 supplementis
2493 1868 2798 1951 in‘deper·

604 1961 761 2026 ditos
783 1965 974 2027 Curtii
998 1965 1179 2027 libros
1207 1985 1244 2027 a
1267 1984 1333 2026 se
1360 1964 1599 2047 seriptis
1626 1965 1754 2045 ipse
1773 1974 1992 2027 auctor
2017 1964 2079 2024 in
2107 1963 2378 2045 Epistola
2419 1963 2496 2025 ad
2533 1965 2666 2027 Jae.
2688 1966 2798 2025 Vi-

600 2060 934 2135 cosortium,
979 2060 1344 2141 proefationis
1398 2061 1533 2123 loeo
1584 2062 1915 2142 praemissa,
1960 2060 2094 2123 haec
2147 2062 2490 2142 profitetur:
2555 2068 2573 2097 ‘
2596 2062 2797 2131 Quum

600 2154 763 2216 istud
792 2156 1281 2239 Supplementnm
1324 2168 1618 2238 qnantum
1663 2177 1903 2239 possem
1945 2156 2477 2219 elaboratissimam
2515 2155 2658 2219 dare
2689 2155 2798 2219 de-

600 2252 943 2325 crevissem,
962 2272 1036 2314 eo
1058 2253 1365 2334 (temporis
1387 2254 1658 2334 penuria)
1687 2250 1966 2317 redactus
1987 2272 2141 2329 sum,
2167 2264 2234 2314 ut
2260 2249 2544 2333 p'raeclare
2561 2272 2797 2317 meeum

602 2359 803 2410 actum
828 2359 1119 2429 putarem,
1158 2350 1210 2410 si
1251 2350 1432 2430 paulo
1460 2350 1672 2413 melius
1700 2352 2016 2424 efficerem,
2040 2348 2218 2430 quarn
2245 2348 2395 2411 illud
2440 2361 2586 2425 erat,
2629 2349 2792 2428 quod

600 2444 785 2526 vulgo
819 2446 1343 2510 circumferebatur
1378 2466 1453 2508 ex
1479 2446 1703 2509 Justini
1741 2446 2108 2527 Diodorique
2153 2456 2215 2508 et
2260 2446 2496 2510 Arriani
2541 2446 2793 2508 diversis

600 2541 961 2623 quandoque
1004 2543 1458 2617 narrationibus,
1486 2544 1615 2604 sine
1654 2543 1870 2604 idoneo
1897 2542 2137 2603 delectu
2165 2552 2344 2622 atque
2371 2543 2580 2605 ordine
2608 2563 2794 2605 unum

600 2635 664 2698 i'n
713 2657 930 2720 corpus
979 2639 1322 2701 conflatum.
1396 2639 1479 2699 Ut
1504 2656 1628 2700 non
1658 2658 1862 2701 verear
1903 2658 1978 2699 ne
1995 2679 2008 2690 -
2026 2638 2160 2718 quis
2209 2637 2353 2698 mihi
2397 2659 2494 2701 me
2537 2639 2796 2701 blandiri

600 2733 786 2809 dieat,
811 2735 865 2798 si
904 2755 1000 2797 me
1039 2733 1205 2815 quod
1252 2734 1377 2794 dixi
1418 2745 1760 2796 assecutum
1801 2734 2149 2797 confidam·
2187 2734 2474 2804 Quamvis
2501 2735 2642 2796 item
2669 2734 2795 2796 sin-

600 2831 775 2908 gulas
805 2830 1132 2892 sententias
1159 2848 1281 2891 non
1310 2840 1378 2890 ut
1400 2840 1748 2908 optaveram
1765 2830 2127 2911 expendere,
2153 2841 2218 2892 et
2235 2832 2431 2893 verbis
2455 2832 2642 2892 Curtii
2667 2851 2794 2894 non

598 2925 1011 3005 indiligentem
1066 2926 1345 2987 lectorem
1392 2924 1557 2986 haud
1611 2925 2038 2988 dedecentibus
2089 2926 2414 3009 exprimere
2465 2927 2668 3008 potui:
2725 2928 2796 2990 in.

600 3020 848 3082 materia
892 3031 1052 3083 certe
1100 3019 1509 3100 conquirenda
1558 3040 1682 3083 non
1728 3023 1932 3102 segnis
1974 3023 2084 3095 fui,
2131 3022 2242 3084 sed
2285 3043 2490 3084 omnes
2518 3034 2794 3087 auctores

596 3135 753 3196 quos
779 3117 1045 3178 nancisci
1072 3125 1220 3192 erat,
1248 3135 1323 3178 ex
1340 3117 1553 3197 quibus
1576 3137 1777 3200 operoe
1797 3119 2050 3200 pretium
2069 3120 2400 3199 sperabam,
2423 3121 2784 3200 percucurri:

596 3213 725 3274 suis
766 3231 1021 3295 qnaeque
1066 3213 1430 3294 temporibus
1468 3215 1818 3301 assignavi:
1858 3234 1996 3295 quoe
2041 3233 2307 3295 pugnare
2337 3215 2710 3291 videbantur,
2737 3217 2794 3280 si

598 3327 719 3388 qua
736 3319 1025 3390 poteram,
1046 3309 1388 3373 conciliavi:
1416 3308 1477 3369 in
1504 3310 1717 3372 ceteris
1745 3294 2114 3390 proBatiores
2138 3321 2410 3373 auctores
2433 3313 2790 3377 antehabuie

596 3404 892 3468 interdum
920 3406 1214 3468 neminem
1240 3425 1423 3466 unum
1464 3419 1707 3468 secutus
1747 3427 1901 3481 sum,
1931 3406 2039 3468 sed
2067 3426 2141 3468 ex
2166 3409 2424 3469 omnium
2449 3409 2790 3484 collatione,

593 3501 977 3582 ipsarumque
1004 3503 1185 3563 etiam
1210 3521 1402 3563 rerum
1424 3502 1866 3584 comparatione
1881 3503 2074 3583 posui,
2091 3504 2256 3594 quod
2271 3503 2630 3567 simillimum
2649 3525 2786 3570 vero

595 3595 949 3658 videbatur.’
2425 3605 2432 3610 ‘

680 3694 837 3752 1644
877 3690 1328 3756 Amstelodami.
1362 3694 1457 3756 16.
1486 3711 1583 3775 ap.
1610 3695 1901 3758 Jansson.

681 3790 837 3849 1645
878 3785 1160 3848 Genevae.
1194 3789 1289 3848 16.

680 3884 834 3945 1648
876 3882 1327 3946 Amstelodami.
1364 3887 1460 3947 12.
1488 3905 1625 3946 eum
1655 3887 1926 3948 Loccenii
1959 3887 2164 3950 Indice
2189 3889 2572 3972 philologicO.

682 3981 839 4042 1649
882 3978 1155 4060 Lugduni
1184 3979 1320 4042 Bat.
1351 3984 1410 4043 8.
1455 4001 1528 4042 ex
1576 3994 1858 4046 accurata
1893 3985 2237 4048 recensione
2277 3987 2416 4048 Nic.
2447 3986 2788 4060 Blaneardi,

596 4097 734 4138 eum
784 4076 981 4158 ejusd.
1035 4077 1367 4138 Comment.
1424 4077 1618 4160 Lugd.
1673 4080 1746 4142 B.
1803 4083 1962 4163 apud
2020 4082 2174 4144 Dav.
2225 4082 2418 4164 Lopez
2465 4093 2530 4144 et
2555 4073 2786 4146 Frauc,

604 4171 1035 4246 Moiard.-Es
1056 4174 1235 4236 variis
1264 4173 1513 4240 aliorum
1536 4163 1974 4243 commentariis
2003 4177 2323 4262 compilata
2353 4177 2556 4244 editio.
2579 4189 2584 4196 ’
