3222 4944
872 447 937 507 Q.
982 444 1239 495 cuu‘rn
1289 444 1471 494 num

482 588 731 651 Sapientia
760 585 973 648 excellit]
1006 586 1167 649 Cujus
1200 584 1463 647 specimen

414 664 574 713 habes
612 664 751 725 apud
791 662 1053 711 Plutarch.
1092 674 1207 724 cap.
1248 665 1359 709 112.
1394 660 1465 709 de

413 738 594 787 decem
622 736 1090 801 Gymnosophistis,
1113 734 1301 799 quibus
1330 748 1465 798 quae·

414 812 611 862 stiones
644 811 907 875 proposuit
932 809 1247 861 Alexander.
1316 810 1465 859 Idem

414 894 595 937 narrat
630 888 867 937 Clemens
906 886 1056 934 Alex.
1097 885 1187 935 lib.
1208 898 1284 935 vr.
1320 884 1464 935 Stro-

412 970 625 1012 mstum.
660 962 881 1011 Freiush.
1006 956 1015 969 “

478 1041 508 1101 §
530 1043 593 1089 2⁵
632 1038 833 1087 Genitos
860 1035 1053 1098 liberos]
1084 1036 1255 1085 Mults
1278 1036 1344 1085 de
1367 1037 1463 1087 boc

411 1126 576 1176 more,
607 1122 661 1162 et
694 1113 939 1161 similibus
968 1114 1179 1161 elisi-nm
1213 1114 1463 1176 gentium,

408 1188 663 1252 imprimis
705 1189 771 1237 de
822 1189 1151 1251 expositione
1195 1186 1464 1252 infantum,

412 1264 618 1325 Lipsius
664 1265 715 1313 in
761 1266 929 1327 Epist.
976 1263 1043 1311 ad
1082 1263 1273 1325 Belgas
1306 1274 1344 1310 ι.
1382 1267 1464 1312 85.

406 1352 559 1401 quem
584 1339 815 1387 consule.
870 1340 1170 1401 Dempster.
1196 1339 1261 1386 sd
1286 1339 1463 1387 Rosin.

408 1414 605 1462 Contra
641 1414 746 1462 Lex
783 1422 895 1462 erat
928 1412 1305 1473 Thebanorum,
1340 1426 1463 1459 vero

396 1488 601 1551 judicio
620 1488 801 1537 AEiiaui
822 1500 883 1535 11.
900 1492 951 1535 7.
970 1487 987 1513 ‘
1000 1488 1283 1536 rectissime
1298 1498 1349 1535 et
1370 1488 1463 1535 hu-

408 1562 739 1624 manissime,’
766 1568 823 1609 ut
849 1562 949 1609 illis
974 1560 1305 1622 temporibus,
1340 1561 1356 1587 ‘
1376 1576 1465 1623 po-

410 1637 534 1695 sita,
572 1637 655 1683 Ne
696 1635 799 1683 civi
830 1634 1075 1684 Thebano
1110 1635 1265 1683 liceat
1298 1633 1465 1683 infan-

410 1720 519 1761 tem
542 1724 825 1774 exponere,
858 1724 1027 1773 neque
1063 1710 1113 1758 in
1136 1710 1461 1759 solitudinem

408 1788 661 1851 abjicere,
671 1787 859 1849 capitis
876 1786 1129 1848 supplicio
1147 1786 1468 1835 constituto.·

408 1863 557 1914 Idem
580 1864 645 1910 de
670 1862 1041 1924 Aboriginibus
1066 1861 1225 1910 tradit
1245 1862 1465 1925 Dionys.

410 1954 451 1990 1.
475 1943 557 1989 16.
578 1945 629 1989 -t,
674 1936 887 1987 Κτείνειν
902 1936 997 1999 γὰρ
1012 1936 1191 1986 „obtin
1208 1940 1305 1986 τῶν
1324 1938 1464 1998 ἐκγό-

409 2030 503 2063 νων
524 2012 704 2075 fitium,
724 2013 841 2073 ἄγος
870 2012 1059 2063 οὐδένας
1089 2012 1298 2061 ἔλαττον
1320 2015 1463 2063 τοῦτο

406 2089 657 2149 τιθέμενοι.
720 2090 886 2137 Tacit.
908 2089 1051 2138 Hist.
1076 2104 1127 2139 v.
1148 2096 1198 2137 5.
1214 2096 1263 2139 6.
1284 2090 1349 2139 de
1367 2091 1463 2141 Ju-

410 2164 536 2213 doeis
560 2164 576 2190 ‘
602 2176 789 2211 necere
810 2178 1118 2226 quemquem
1141 2180 1205 2212 ex
1225 2164 1463 2227 adgnatis

410 2238 593 2289 nefus)
662 2239 733 2287 Et
754 2238 819 2286 de
838 2239 1029 2286 Morib.
1047 2239 1292 2288 German.
1320 2240 1335 2267 ‘
1355 2242 1463 2289 Nu-

408 2328 606 2365 merum
649 2313 925 2363 liberorum
962 2313 1133 2370 finire,
1166 2326 1253 2363 aut
1294 2330 1466 2377 quem·

296 2393 304 2401 '
408 2402 563 2453 quum
608 2402 673 2437 ex
718 2388 919 2449 ugustis
962 2399 1169 2445 necare,
1214 2386 1465 2451 flagitium

408 2461 666 2515 habetur:
700 2462 924 2512 Frenssh.

478 2541 539 2589 Si
552 2555 665 2603 quos
676 2539 909 2601 insignes]
927 2539 1121 2588 Iterum
1138 2539 1295 2589 editio
1302 2540 1467 2601 nes‚ss'

409 2629 527 2678 quos
556 2627 758 2674 segnem·
780 2615 941 2663 mule:
976 2615 1183 2676 insignis
1214 2615 1467 2678 iuterpre-

408 2699 553 2740 tatur
572 2696 719 2738 vetus
737 2685 1041 2752 gldhsariurn
1058 2688 1299 2750 ἐπίσημος.
1332 2691 1465 2738 Vide

408 2766 637 2814 Festum·
669 2764 885 2813 Medius.
950 2764 1191 2826 Insicus]
1224 2765 1343 2816 Hoc
1364 2771 1463 2828 est,

404 2839 651 2890 inusitato
674 2847 877 2889 naturae
898 2839 1356 2890 dehonestamento
1374 2854 1461 2890 no·

407 2918 609 2982 ubiles,
652 2925 713 2967 ut
754 2919 970 2980 exponit
1020 2917 1288 2968 Gebhard.
1334 2919 1459 2968 Cre-

409 2993 570 3056 pund.
596 3005 636 3043 1.
660 2998 711 3042 ὖ.
736 2992 825 3041 ubi
849 2993 1015 3042 locum
1040 2993 1175 3042 hunc
1196 2997 1269 3044 ita
1292 3010 1323 3042 e
1344 2995 1459 3044 Μο-

405 3067 493 3118 dio
526 3068 657 3117 dicit
687 3068 861 3117 divine
894 3069 1242 3130 emendatum,
1268 3069 1459 3119 firmat-

406 3159 509 3208 que
530 3146 645 3194 ullis
668 3147 815 3208 loeis,
836 3153 891 3194 et
908 3145 1157 3209 imprimis
1172 3146 1261 3196 illo
1276 3145 1460 3196 Sueto·

404 3221 478 3269 nii
522 3221 661 3282 Aug.
708 3224 789 3268 38.
826 3223 877 3267 6.
930 3219 1125 3269 ‘Senio
1166 3222 1249 3270 vel
1290 3221 1460 3286 aliqua

407 3295 637 3357 corporis
679 3294 797 3342 lube
852 3294 1169 3356 insignibus!
1255 3297 1460 3360 (iluna,

406 3368 621 3430 Insignis
647 3365 922 3426 Ἐπίο-ημος,
956 3377 1013 3414 ut
1045 3369 1183 3429 apud
1216 3370 1461 3418 Matthae-

406 3458 493 3494 um
530 3447 611 3494 2⁶1.
657 3445 734 3492 16.
773 3442 840 3492 de
884 3441 1141 3491 Burabba.
1224 3443 1311 3490 Sic
1350 3440 1461 3492 fere

404 3521 544 3584 apud
589 3521 793 3570 Livium
845 3531 921 3567 vr.
965 3522 1011 3568 1.
1050 3523 1129 3568 15.
1218 3518 1461 3568 Alliensis

405 3596 517 3647 dies
552 3595 801 3658 ‘insignis
836 3596 911 3643 rei
946 3594 1072 3644 nulli
1116 3594 1324 3656 publice
1358 3596 1460 3656 pri-

404 3669 665 3735 vatimque
722 3667 971 3731 agendae.’
1058 3669 1245 3718 Veram
1302 3671 1457 3720 etiam

408 3744 543 3795 hauc
582 3744 745 3794 videri
785 3743 1059 3792 lectionem
1106 3757 1189 3792 res
1228 3745 1361 3808 ipsa,
1401 3753 1459 3794 et

408 3821 599 3870 collata
626 3819 841 3868 aliorum
878 3819 1183 3881 populorum
1218 3820 1459 3870 instituta

408 3893 622 3946 faciunt.
690 3891 939 3943 Romulus
962 3893 1100 3955 apud
1126 3893 1342 3959 Dionys.
1368 3897 1453 3947 lib.

406 3984 447 4020 ι.
493 3971 609 4032 lege
651 3970 843 4029 sanxit,
887 3966 905 3993 ‘
928 3966 1054 4016 nihil
1099 3969 1232 4030 quod
1266 3975 1455 4028 ⁸uatum

378 4050 547 4096 -esset
565 4043 807 4094 occidere
834 4049 957 4092 aute
992 4041 1199 4090 triennii
1228 4049 1457 4108 tempus,

404 4121 508 4172 nisi
525 4119 719 4185 aliquid
738 4119 989 4182 mutilum,
1008 4125 1097 4167 aut
1116 4127 1456 4168 monstrosum

404 4197 576 4248 statim
599 4211 631 4245 a
650 4200 801 4259 partu
824 4191 1000 4245 esset.’
1060 4193 1257 4243 Seneca
1277 4193 1343 4243 de
1369 4195 1457 4243 Ira

406 4287 450 4324 1.
474 4275 551 4323 1⁶.
582 4277 633 4325 2.
663 4272 680 4300 ‘
704 4270 1039 4321 Portentosos
1070 4267 1227 4320 scetus
1258 4270 1455 4320 exstin-

2423 407 2592 495 1417

1540 586 1771 647 guimus3
1807 583 2000 633 liberos
2041 596 2264 647 quoque,
2307 584 2348 632 si
2394 583 2590 635 debiles

1538 660 1919 723 monstrosique
1953 660 2080 709 editi
2115 668 2251 721 sunt,
2285 660 2592 722 abjicimus)

1539 734 1694 783 Alter
1725 736 1922 784 Seneca
1955 736 2280 785 controvers.
2303 740 2382 785 88.
2417 736 2434 763 ‘
2459 738 2590 786 Nas-

1539 818 1728 859 cuntur
1751 810 1958 873 quidum
1993 810 2165 874 eliqua
2186 819 2335 872 psrte
2359 813 2591 874 corporis

1536 886 1762 949 multati,
1801 884 2009 947 infirmi,
2040 892 2096 934 et
2127 886 2178 934 iu
2219 886 2408 934 nullum
2443 901 2590 949 spem

1536 961 1742 1009 idonei:
1778 974 1902 1024 quos
1927 968 2165 1023 parentes
2189 962 2268 1009 sui
2307 962 2594 1025 projiciunt

1538 1036 1718 1100 magis,
1737 1051 1886 1101 quam
1903 1045 2187 1100 exponunt.
2238 1036 2412 1100 Aliqui
2431 1038 2590 1086 etiam

1539 1112 1798 1171 vernulas,
1829 1118 1918 1160 aut
1951 1111 2119 1161 omine
2157 1110 2380 1160 infausto
2402 1113 2591 1176 editos,

1538 1197 1631 1236 uut
1683 1200 1902 1250 corpore
1957 1186 2230 1245 invalidos,
2299 1187 2592 1250 abjiciunt-³

1538 1265 1644 1313 Res
1681 1270 1735 1311 et
1773 1278 1870 1311 vox
1911 1270 2158 1325 usurpata
2197 1263 2378 1312 Curtio
2416 1270 2592 1312 exstat

1538 1339 1698 1388 etiam
1733 1339 1784 1388 iu
1822 1351 1921 1387 xrs.
1958 1339 2187 1402 Tabulis,
2221 1354 2322 1403 quo
2363 1339 2589 1389 fortassis

1538 1414 1624 1463 ille
1673 1414 1934 1475 respexit:
1981 1414 2184 1463 ‘Pater
2221 1415 2472 1477 insignem
2523 1416 2587 1465 ad

1538 1488 1915 1539 deformitatem
1959 1502 2193 1552 puerum„
2216 1491 2322 1538 cito
2367 1490 2591 1540 necato.'

1540 1564 1762 1613 Freinsh.
1811 1564 2040 1613 Similem
2060 1578 2307 1626 errorem,
2321 1578 2422 1627 quo
2443 1566 2460 1592 ‘
2477 1579 2592 1627 seg·

1540 1638 1665 1687 nea’
1719 1654 1812 1701 pro
1875 1638 1892 1665 ‘
1925 1637 2172 1699 insignes’
2229 1638 2591 1694 obtruduntur,

1536 1716 1800 1778 dispunxit
1839 1714 1888 1761 in
1928 1713 2246 1774 Hieronymo
2275 1712 2328 1763 J.
2351 1714 2435 1761 Fr.
2460 1712 2593 1762 Gro-

1536 1790 1714 1838 novius
1735 1790 1786 1837 iu
1807 1786 2270 1837 observationibus
2289 1788 2591 1836 Ecclesiast.

1534 1878 1648 1926 cap.
1672 1868 1752 1913 19.
1786 1870 1842 1913 et
1881 1862 2142 1911 illustrans
2183 1863 2430 1925 exemplis
2453 1864 2590 1913 hune

1535 1940 1704 1989 Curtii
1739 1940 1904 1987 locum
1941 1936 2132 2000 adfert,
2171 1939 2222 1985 iu
2262 1952 2364 2000 quo
2400 1944 2588 2002 tau-en,

1534 2016 1668 2065 baud
1691 2028 1946 2079 qusquam
1971 2014 2152 2063 Curtio
2175 2014 2440 2077 iudignum
2479 2012 2590 2065 fore

1528 2092 1754 2155 judit-st,
1791 2090 1835 2139 si
1874 2092 1962 2152 qui
2001 2098 2203 2139 veteres
2239 2090 2356 2137 libri
2385 2089 2592 2139 arbitria

1536 2181 1634 2231 pro
1657 2166 1858 2215 arbitrio
1889 2164 2174 2215 heberent:
2213 2180 2306 2214 uon
2338 2172 2590 2229 parentum

1535 2243 1738 2293 arbitria
1759 2242 1928 2291 tollunt
1951 2243 2195 2305 dentque,
2213 2244 2295 2291 secl
2315 2256 2492 2305 em,
2507 2247 2591 2304 qe.

1535 2320 1696 2369 Susk.

1604 2395 1803 2444 Inutiles
1855 2393 2157 2457 macer-suit]
2208 2393 2296 2443 Ita
2337 2400 2589 2455 concepta

1524 444 1667 492 mn.
1717 444 1826 492 ix.
1873 444 2032 493 cAP.
2079 428 2149 513 1.,

1539 2477 1656 2519 erat
1676 2470 1816 2519 vocis
1831 2470 2020 2518 inutilis
2034 2470 2086 2518 in
2102 2470 2412 2519 membranis
2429 2471 2590 2532 scrip-
2641 2504 2656 2520 .

1538 2549 1674 2606 tura,
1717 2548 1774 2592 ut
1807 2544 1980 2606 potius
2017 2557 2112 2605 pro
2142 2559 2204 2592 ea
2227 2546 2416 2594 nudilos
2438 2559 2589 2607 repo-

1536 2617 1762 2668 nendum
1787 2617 2071 2666 videretur.
2135 2619 2238 2666 Sed
2269 2620 2394 2666 nibil
2417 2627 2591 2678 muto;

1537 2695 1680 2756 prius
1715 2693 1850 2742 enim
1895 2693 1969 2741 rei
2007 2703 2108 2742 non
2155 2694 2286 2741 male
2331 2693 2591 2749 convenit,

1534 2775 1589 2818 et
1611 2777 1726 2818 erat
1749 2769 1798 2817 in
1822 2766 1979 2816 editis
1999 2767 2252 2819 omnibus.
2285 2768 2496 2816 Medius.

1598 2845 1628 2908 §
1649 2847 1714 2893 26
1749 2842 2018 2892 Nobilitate
2043 2841 2332 2905 conjunctis]
2367 2843 2486 2893 Non
2507 2857 2589 2893 re·

1520 2919 1678 2982 jicio;
1713 2919 1876 2983 magis
1922 2927 2092 2968 tamen
2138 2919 2316 2984 credo,
2351 2921 2589 2970 Curtium

1530 2995 1798 3059 scripsisse
1821 2995 2070 3061 conjuncti,
2105 2995 2412 3059 literamque
2440 3010 2468 3044 s
2499 2997 2590 3045 ad·

1526 3073 1762 3134 junctam
1787 3085 1904 3120 esse
1927 3085 1992 3120 ex
2015 3071 2252 3134 sequenti
2275 3072 2375 3120 scd.
2397 3069 2590 3122 Scheff.

1596 3147 1763 3196 Electa
1800 3159 2044 3210 corporum
2075 3145 2248 3209 specie]
2284 3145 2468 3195 Cicero
2495 3160 2588 3209 pro

1534 3221 1804 3282 Deiotaro,
1853 3221 1868 3248 ‘
1893 3220 1998 3286 Sed
2039 3220 2176 3268 misit
2221 3235 2290 3270 ex
2331 3220 2416 3282 iis,
2461 3234 2586 3284 quos

1533 3293 1718 3342 habuit
1737 3294 1966 3343 electos.'
2002 3293 2155 3343 male.

1598 3368 1930 3415 Desa-uiuent
1953 3367 2133 3428 urbem,
2153 3381 2218 3414 un
2233 3369 2414 3425 fraude
2444 3383 2492 3416 se
2514 3384 2590 3417 oc·

1534 3437 1764 3498 calcent]
1797 3441 1884 3488 Sic
1907 3439 2049 3488 Galli
2069 3439 2134 3488 ad
2159 3442 2370 3489 Romam
2393 3456 2590 3506 expug-

1536 3515 1757 3562 nandam
1800 3515 2294 3578 appropinquantes,
2317 3517 2334 3544 ‘
2351 3523 2587 3580 apertam

1534 3589 1714 3638 urbem
1743 3589 1906 3652 primo
1937 3589 2149 3652 trepidi,
2171 3604 2238 3638 ne
2267 3593 2380 3654 quis
2412 3593 2588 3644 subes-

1533 3673 1616 3714 set
1650 3664 1814 3719 dolus,
1839 3663 2089 3714 invadunt
2106 3663 2140 3722 ;'
2187 3671 2246 3713 ut
2278 3667 2444 3730 inquit
2469 3669 2588 3718 Flo·

1532 3755 1620 3790 rus
1651 3755 1690 3790 ι.
1725 3746 1804 3790 13.
1841 3745 1920 3789 14.
1955 3747 2010 3790 et
2043 3741 2117 3791 sic
2151 3742 2290 3805 upud
2324 3743 2586 3795 Justinum

1532 3829 1671 3867 xxv.
1690 3820 1740 3867 2.
1788 3819 1805 3845 ⁴
1823 3816 1980 3881 Galli,
2003 3817 2094 3866 ubi
2127 3819 2297 3867 omnia
2324 3821 2584 3884 vacantis,

1532 3907 1630 3942 nec
1663 3893 1774 3942 sine
1811 3891 2164 3943 defensoribus
2195 3893 2366 3952 modo,
2406 3909 2584 3945 verum

1530 3969 1688 4018 etiam
1710 3970 1822 4017 sine
1843 3969 2146 4018 custodibus
2169 3969 2364 4029 vident,
2383 3983 2484 4019 non
2505 3968 2584 4020 fu-

1530 4057 1646 4106 gam
1668 4043 1910 4104 bostium,
1939 4043 2028 4091 sed
2065 4042 2235 4090 dolum
2271 4043 2582 4092 arbitrantes

1531 4119 1620 4167 din
1658 4119 1852 4168 intrare
1875 4123 2054 4180 portas
2083 4116 2364 4165 timuerunt
2381 4117 2416 4166 ε’
2465 4132 2580 4168 uam

1531 4205 1589 4243 et
1608 4193 1758 4242 dolus
1786 4193 2006 4243 hostium
2028 4192 2111 4240 bic
2135 4190 2428 4240 Alexandro
2463 4207 2582 4256 pro-

1532 4283 1598 4333 pe
1637 4267 1810 4320 fatslis
1845 4266 1964 4317 suit.
1987 4265 2105 4316 vide
2137 4265 2384 4316 Nostrum
2417 4279 2498 4318 ιιι.
2530 4273 2580 4319 4.
