3222 4944
897 382 905 395 ’
1023 418 1408 471 meroem
1461 412 1931 472 Anxanum
1986 422 2063 468 u.
2426 406 2600 473 1681

410 564 832 641 Alexandriam
860 570 1014 631 forte
1039 572 1450 651 reponendum
1475 572 1729 655 colligas
1756 582 1831 635 ex·
1862 572 2151 634 Athenaeo
2184 594 2253 635 x.
2288 575 2380 635 10.

493 666 842 747 Dorotheus
887 667 1291 732 Ascalonita.
1370 669 1669 732 Historias
1717 669 1894 749 hujus
1941 668 2023 729 de
2070 668 2413 731 Alexandro
2458 672 2605 732 citat

409 761 742 825 Athenaeus
768 768 982 827 v11.2.

491 858 844 937 Draeeoem.
893 861 966 921 In
996 860 1372 925 Millenariis.

495 952 698 1018 Duris
726 956 983 1021 Samius.
1046 958 1228 1019 Varia
1255 958 1518 1038 scripsit,
1569 918 1725 1021 inter
1750 978 1891 1038 quse
1936 966 2000 1019 et
2027 959 2151 1019 Res
2180 956 2606 1019 Macedonicas

408 1046 528 1110 huc
555 1053 806 1115 maxime
833 1054 1220 1135 pertinentes.
1306 1054 1541 1115 Citatur
1573 1055 1898 1136 soepisaime
1928 1056 2005 1117 ab
2030 1054 2349 1128 Atheneo,
2378 1063 2443 1115 et
2468 1052 2611 1115 Plu-

411 1146 662 1208 tarcho
644 1169 706 1209 ιη
733 1152 910 1211 rebus
942 1151 1018 1211 ad
1047 1151 1222 1213 Alex.
1253 1152 1689 1231 spectantibus.

497 1245 823 1328 Ephippus
875 1248 1208 1327 Olynthius
1253 1248 1332 1309 de
1373 1247 1705 1311 Alexandri
1749 1257 1812 1309 et
1858 1247 2301 1329 Hephaestionis
2338 1248 2611 1329 exequiis

409 1342 664 1425 scripsit,
693 1355 764 1403 ut
789 1354 1028 1405 constat
1055 1363 1131 1404 ex
1158 1344 1474 1417 Athenaeo,
1501 1364 1562 1406 x.
1593 1346 1656 1405 9.
1682 1364 1807 1406 111.
1832 1347 1893 1406 9.
1962 1343 2135 1406 Alius
2161 1354 2256 1458 est
2282 1344 2609 1477 Epliippus,

406 1440 615 1503 itidem
642 1440 980 1503 Historicus
1005 1440 1164 1521 apud
1191 1440 1490 1505 Suidam.

497 1536 934 1598 Eratosthenes
986 1538 1332 1616 Cyrenaeus.
1419 1538 1578 1599 Huic
1628 1556 1695 1599 se
1743 1554 1863 1598 non
1913 1536 2093 1617 plane
2136 1538 2447 1599 assentiri
2468 1538 2617 1601 dicit

415 1632 699 1710 Arrianus
725 1654 788 1695 v.
822 1636 878 1694 1.
911 1636 1006 1695 12.
1054 1653 1398 1715 quanquam
1445 1632 1923 1715 probatissimum
1975 1643 2277 1695 auctorem
2330 1634 2615 1711 nominet,

413 1746 577 1801 mox,
607 1748 666 1789 v.
701 1732 754 1791 1.
777 1731 880 1791 20.
962 1731 1131 1792 Citat
1168 1749 1306 1791 enm
1345 1741 1410 1793 et
1446 1730 1615 1793 Plau
1644 1731 1705 1790 in
1734 1730 1911 1791 Alex.
1940 1748 1997 1791 c.
2028 1732 2086 1790 3.
2116 1740 2181 1790 et
2206 1730 2345 1791 alibi
2374 1732 2614 1812 saepins.

383 1802 578 1905 ‘'Quin
606 1836 669 1885 et
694 1826 790 1885 alii
816 1826 1006 1901 multi,
1049 1836 1112 1887 et
1150 1826 1415 1907 inprimis
1461 1827 1700 1888 Strabo.
1784 1826 1908 1888 Sed
1934 1825 2035 1887 hic
2083 1846 2158 1887 ea
2192 1838 2427 1889 tantum
2473 1835 2618 1891 auc-

415 1930 609 1983 torum
637 1922 774 1984 loca
797 1922 1062 1987 indicare
1106 1924 1474 2005 propositum
1502 1923 1678 1985 nobis
1723 1932 1839 1998 est,
1883 1943 2021 2004 quae
2049 1922 2140 1985 de
2165 1920 2414 1990 historia
2442 1925 2619 1988 Alex-

415 2016 589 2081 andri
616 2020 691 2078 ab
719 2038 840 2079 uno
861 2034 1108 2099 quoque
1135 2020 1468 2102 perscripta
1494 2021 1675 2081 fidem
1704 2020 1977 2082 saciant.
2034 2046 2037 2051 ·

498 2112 787 2175 Eumenes
819 2115 1180 2179 Cardianus.
1265 2117 1398 2179 Hic
1409 2118 1524 2179 sub
1562 2116 1937 2179 Alexandro
1952 2134 2045 2176 res
2092 2118 2300 2197 gessit,
2346 2126 2415 2179 ut
2452 2128 2622 2200 patet

417 2230 492 2271 ex
519 2210 796 2289 Arriano,
819 2223 882 2273 et
918 2211 1267 2289 Plutarcho,
1319 2214 1424 2292 qui
1453 2222 1516 2274 et
1540 2212 1743 2275 Vitam
1772 2214 2055 2274 Eumenis
2083 2211 2303 2287 edidit,·
2320 2216 2620 2293 quomodo
2680 2247 2721 2269 κ

418 2316 482 2367 et
509 2307 778 2369 AEmilius
806 2306 1064 2385 Probus,
1091 2311 1212 2371 sive
1242 2307 1557 2378 Cornelius
1588 2308 1795 2388 Nepos
1823 2320 1940 2370 est.
2020 2308 2167 2387 Ejus
2196 2318 2393 2370 autem
2425 2310 2623 2392 Ephe-

418 2402 675 2467 merides
703 2404 1140 2469 Alexandraeos
1165 2405 1316 2467 citat
1341 2404 1673 2478 Athenaeus,
1700 2420 1771 2466 κ.
1792 2405 1854 2465 9.
1936 2404 2089 2463 Ειιιιι
2129 2404 2274 2467 mire
2308 2407 2627 2480 confundit

416 2496 642 2564 Suidas
690 2521 825 2578 cum
883 2504 1053 2584 Rege
1097 2503 1470 2584 Pergameno
1517 2501 1897 2581 cognomine,
1945 2499 2091 2578 quin
2136 2511 2202 2562 et
2252 2520 2326 2560 ex
2372 2513 2625 2583 utroque

425 2597 832 2661 Macedonum
860 2600 1090 2680 Regem
1129 2599 1370 2662 conflat.
1455 2595 1918 2660 Restituendum
1965 2593 2081 2655 boc
2126 2615 2343 2656 nomen
2391 2599 2626 2660 AEliano

425 2711 538 2756 111.
587 2697 689 2756 23.
738 2695 798 2755 ἰιι
849 2697 990 2772 fine,
1040 2695 1116 2758 de
1160 2695 1343 2756 Varia
1377 2693 1706 2768 ‚Historiag
1784 2711 1923 2754 nam
1975 2709 2113 2770 quse
2158 2691 2241 2752 ibi
2288 2693 2493 2755 relata·
2530 2695 2626 2755 fu-

423 2802 620 2868 erunt,
672 2805 734 2853 et
765 2791 930 2873 apud
977 2791 1365 2854 Plutarchum
1409 2791 1804 2873 reperiuntur,
1844 2787 2007 2850 baud
2048 2786 2231 2848 dubie
2276 2789 2515 2852 fuerunt
2555 2811 2629 2852 ex

426 2885 918 2970 Ephemeridibus
948 2890 1268 2952 Eumenis:
1311 2907 1459 2969 ergo
1485 2897 1669 2968 caput
1696 2887 1781 2948 ita
1803 2885 2075 2947 claudit:
2116 2883 2199 2946 ὃν
2224 2890 2316 2946 καὶ
2358 2889 2631 2968 Ἐυμὲνησ

426 2985 460 3044 ὅ
487 2981 804 3062 Καρδιανὸς
831 2990 924 3046 καὶ
950 2989 1156 3047 ἐκεῖνός
1183 2989 1325 3060 ἐστι,
1365 3003 1474 3066 pro
1499 2985 1717 3066 quibus
1744 2983 1925 3065 vulgo
1954 2985 2191 3066 legitur,
2218 2982 2301 3044 ὃν
2326 2989 2421 3046 καὶ
2444 2983 2631 3065 εὗμὲν

426 3082 460 3140 ὅ
487 3081 829 3162 Καρδιανός.
915 3081 1184 3143 Eandem
1200 3082 1673 3143 emendationem
1695 3081 1883 3161 reperi
1901 3093 2113 3160 postea
2132 3082 2193 3141 in
2209 3081 2632 3145 Emendation.

431 3178 721 3260 Leopardi
751 3199 834 3240 ιι.
867 3180 962 3237 12.

517 3275 814 3335 Eusebius
841 3271 1378 3352 chronographus.

518 3370 811 3452 &sebius
840 3367 1102 3448 quidam.
1143 3365 1284 3442 vid,
1311 3384 1450 3426 mox
1475 3364 1675 3426 Julius
1701 3365 2003 3428 Valerius.

519 3466 848 3529 Gualterus
901 3463 1104 3545 Belga
1154 3463 1391 3542 scripsit
1454 3463 1715 3524 carmine
1772 3461 2053 3524 Hernico·
2086 3471 2261 3542 gesta
2312 3462 2637 3524 Alexandri

435 3561 650 3646 Magni
690 3562 854 3624 libris
882 3561 1115 3638 decem,
1137 3561 1240 3642 qui
1267 3560 1412 3620 editi
1443 3569 1606 3620 sunt.
1660 3559 1753 3620 De
1780 3559 1897 3620 hoc
1924 3559 2293 3620 Guillermus
2318 3560 2546 3621 Briton.
2572 3560 2635 3619 in

435 3663 670 3741 praefat.
697 3657 1104 3740 Philippides:
2206 3675 2215 3684 ·

689 3756 883 3817 Gesta
906 3754 1076 3817 ducis
1103 3753 1420 3816 Macedum
1449 3754 1671 3816 celebri
1700 3752 2038 3815 describere
2067 3771 2242 3814 versu

684 3852 750 3912 Si
774 3851 948 3914 licuit
974 3850 1242 3924 Galtere,
1267 3850 1397 3924 tibi,
1425 3870 1563 3931 quoe
1589 3851 1721 3912 sola
1746 3850 1935 3912 relatu

683 3947 1025 4028 Multivago
1055 3946 1276 4008 docuit
1311 3947 1717 4010 tevociseratio
1744 3947 1941 4008 samem

473 4043 796 4131 613(οω
779 4063 840 4104 ιιι
869 4042 1231 4105 Annalibus.

529 4142 1004 4222 Harpocration.
1093 4140 1206 4200 Hic
1245 4159 1350 4200 cur
1378 4157 1417 4198 a
1463 4139 1704 4201 Radero
1750 4140 2101 4222 scriptorum
2130 4137 2339 4200 horum
2364 4136 2643 4218 catalogo

446 4241 758 4312 inseratur,
789 4237 1054 4300 nondum
1084 4237 1291 4318 reperi.

536 4337 887 4397 Hortliebus
917 4335 1132 4415 Bajas.
1215 4333 1250 4394 J
1258 4333 1358 4394 ulii
1385 4334 1603 4395 Valerii
1654 4333 1959 4395 historiam
1988 4332 2047 4393 in
2078 4333 2492 4396 Germanicum
2522 4352 2645 4394 ser-

455 4451 689 4494 monem
717 4431 1037 4504 transtulit,
1068 4441 1220 4494 tcste
1251 4429 1508 4492 Radero.
