3222 4944
1112 398 1121 405 ·
1251 389 1324 447 Q.
1368 386 1629 443 onnwu
1681 387 1907 442 nuri.
1953 400 1963 410 -
2453 367 2630 445 leo}

492 536 689 609 ..1628
720 532 987 596 Colonioe
1017 533 1265 614 Agripp.
1288 536 1393 598 sol.
1422 552 1479 597 c.
1504 538 1653 617 llgg.
1687 534 1960 602 Matthaei
1984 538 2203 601 Raderi
2227 537 2310 599 ad
2334 537 2628 608 acm-ti

432 629 575 691 Rufi
620 630 697 691 de
740 628 1081 693 Alexandro
1126 631 1352 711 Magno
1394 632 1701 694 historiam
1745 634 2148 709 Prolusiones‚
2189 634 2468 697 librorum
2521 654 2628 715 sy?

430 746 675 809 nopses,
720 728 985 807 capitum
1028 740 1401 807 argumenta,
1448 731 1872 794 commentarii.
1931 732 2083 799 Cum
2131 733 2338 795 Indice
2379 730 2626 811 duplici.

434 824 705 883 Coloniae
732 824 979 903 Agripp.
1006 825 1167 904 apud
1196 826 1233 885 J
1239 844 1295 885 o.
1325 825 2081 901 ‚Kinck.-—Tribus,00dd.
2127 826 2278 889 Mss.
2301 846 2432 890 nno
2458 827 2624 890 Con-⁷

432 920 765 993 stantiensi‚
808 931 871 985 et
890 922 1123 985 duobus
1146 921 1413 995 Bavaris,
1440 942 1587 984 usus
1614 934 1710 983 est
1741 924 2029 987 Raderus.
2101 925 2300 986 Editio
2325 932 2623 1003 praestans

424 1016 781 1080 eruditione.
1777 1070 1781 1077 .
2475 1082 2488 1087 -

439 1139 446 1144 ·
506 1146 591 1159 --
628 1112 1077 1177 Amstelodami.
1114 1118 1209 1177 16.
1235 1136 1335 1195 ap.
1362 1117 1464 1178 Jo.
1496 1117 1535 1176 J
1542 1136 1784 1179 ausson.
1841 1136 1984 1177 cura
2015 1118 2114 1179 Jo.
2148 1119 2230 1179 Is.
2261 1116 2624 1189 Pontani,--·

426 1215 445 1243 ⁶
474 1228 656 1289 quam
690 1212 866 1290 ,egoss
910 1212 1105 1291 inquit
1160 1213 1622 1287 Freinshemius,
1679 1222 1695 1249 ⁶
1739 1214 1932 1276 habeo
1984 1235 2092 1295 pro
2133 1213 2624 1286 emendatissime

428 1324 651 1379 earum,
686 1328 827 1386 quse
873 1307 1163 1369 haetenus
1190 1309 1579 1387 prodierunt.'
1643 1308 1978 1390 Subjuncta
2003 1322 2098 1373 est
2123 1311 2275 1379 diss.
2314 1312 2393 1371 de
2414 1320 2622 1383 atate,

426 1422 549 1480 qua
568 1402 771 1463 floruit
793 1404 1034 1465 Curtius
1064 1425 1117 1465 s.
1147 1417 1428 1485 excerpta
1454 1405 1652 1485 potius
1677 1426 1756 1467 ex
1777 1406 2012 1468 duabus
2039 1428 2178 1487 epp.
2219 1408 2318 1469 Jo.
2349 1408 2430 1469 Is.
2455 1407 2625 1473 -Pone

426 1499 551 1561 tani
575 1500 651 1561 ad
675 1501 819 1562 Ger.
841 1501 1143 1562 vossium.
1168 1490 1317 1562 Vult
1342 1515 1541 1563 autem
1568 1503 1738 1567 illum
1759 1504 2034 1569 floruisse
2079 1514 2342 1585 tempore
2363 1502 2626 1582 Trajani.

514 1598 669 1657 1630
712 1596 1004 1659 Coloniae.
1050 1602 1109 1659 8.
1140 1598 1215 1665 Q.
1246 1599 1491 1661 Curtius
1520 1598 1716 1659 Rufus
1764 1601 2123 1679 synopsibus
2161 1612 2224 1661 et
2253 1600 2620 1680 argumentis

422 1691 777 1764 illustratus,
824 1692 1023 1753 denuo
1066 1695 1442 1775 recognitus,
1485 1714 1674 1775 opera
1727 1694 2006 1777 Matthoei
2052 1696 2290 1757 Raderi.
2349 1694 2622 1759 Colonia

422 1788 583 1867 apud
610 1790 710 1849 J0.
741 1787 1081 1851 Kinekium.
1166 1848 1171 1851 .

508 1884 662 1945 1633
702 1882 979 1963 Lugduni
1028 1886 1166 1947 Bat.
1223 1888 1315 1947 12.
1364 1906 1441 1951 ex
1484 1888 1726 1951 officina
1773 1888 2024 1949 Elaevir.
2083 1906 2220 1950 cum
2278 1850 2440 1949 notis
2495 1886 2618 1949 Tit.-

424 1979 688 2059 Popmae.
742 1981 939 2049 Quam
968 1981 1118 2043 nulli
1152 1980 1395 2045 aliarum
1438 1986 1936 2063 posthabendam,
1962 1988 2162 2047 forsan
2189 1995 2256 2047 et
2283 1986 2620 2047 anteferen-

364 2078 387 2094 “
416 2076 561 2137 ‚dam
590 2075 885 2151 omnibus,
911 2078 1147 2139 censuit
1174 2078 1633 2143 Freinshemius.

502 2203 585 2219 ——-
620 2172 767 2233 ibid.
801 2176 897 2233 12.
926 2192 1023 2253 ap.
1051 2174 1332 2247 eundem,
1348 2188 1418 2236 ut
1440 2178 1682 2256 quidem
1711 2178 1926 2259 legitur
1947 2179 2012 2239 in
2039 2178 2250 2246 titulo;
2295 2176 2404 2238 sed
2429 2177 2620 2237 notha

419 2279 518 2333 est
540 2268 747 2332 editio.
796 2269 891 2329 De
910 2268 1146 2329 indiciis
1166 2270 1443 2348 geuuinoe
1470 2274 1772 2346 editionis,
1793 2274 2028 2335 duabus
2045 2274 2250 2353 figuris
2264 2272 2470 2347 meis,
2489 2271 2622 2334 vid.

423 2366 597 2427 Com.
616 2364 699 2425 de
718 2364 1035 2445 Rewiczky
1060 2366 1120 2425 in
1149 2365 1304 2427 Bibl.
1337 2368 1443 2427 Gr.
1469 2379 1531 2428 et
1558 2370 1690 2431 Lat.
1717 2390 1778 2449 p.
1807 2372 1946 2437 170.
1969 2390 2060 2449 sq.
2091 2370 2189 2443 ed.
2217 2388 2344 2431 sec.
2511 2414 2514 2419 -

472 2464 665 2524 -1634
710 2460 1005 2541 Lugduni.
1038 2462 1135 2520 12.
1164 2460 1239 2530 Q.
1273 2461 1515 2525 Curtius
1544 2464 1740 2526 Rufus
1771 2467 2128 2546 synopsibus
2156 2477 2219 2530 et
2246 2464 2619 2546 argumentis

421 2559 771 2630 iliustratus,
798 2577 980 2637 opera
1006 2558 1229 2619 Matth.
1249 2558 1493 2622 Raderi.

484 2656 665 2716 1635
703 2653 992 2715 Venetiis.
1027 2657 1123 2714 12.
1153 2655 1339 2735 Cujus
1372 2656 1712 2736 exemplum
1748 2655 1956 2718 habuit
1983 2619 2492 2735 Snakenburgius,
2533 2655 2622 2718 aa

420 2751 583 2830 quod
610 2750 804 2812 varias
846 2750 1088 2810 Codicis
1134 2751 1229 2812 El.
1256 2751 1543 2814 lectiones
1586 2763 1977 2816 annotaverat
2021 2753 2099 2815 N.
2129 2753 2460 2825 Heinsius·
2499 2749 2624 2814 sed»

417 2848 853 2912 vitiosissimam
878 2867 1014 2910 esse
1038 2846 1379 2920 editionem,
1406 2857 1664 2910 testatur
1679 2848 1864 2910 idem.

702 3107 929 3168 AETAS
974 3108 1081 3170 lv,
1124 3107 1173 3167 F
1180 3107 1834 3170 REINSHEMIANA.
1923 3112 2343 3200 1639—1801.

421 3315 590 3395 eujus
633 3313 911 3395 princeps
958 3323 1053 3374 est
1098 3319 1197 3377 Jo.
1231 3315 1694 3387 Freinshemius,
1743 3313 1900 3384 idem
1949 3323 2010 3372 et
2053 3311 2625 3422 supplementorum

418 3412 689 3490 scriptor.
774 3409 1037 3471 Comites
1086 3429 1152 3474 se
1190 3411 1519 3490 adjunxere
1570 3409 1915 3488 Clu-iatoph.
1959 3406 2273 3484 cellarius,
2285 3409 2422 3487 qui
2455 3405 2614 3470 nova

419 3508 850 3590 supplementa
889 3507 1125 3586 scripsit
1173 3508 1573 3576 succinctius·
1619 3517 1681 3568 et
1712 3506 1909 3568 Henr.
1945 3504 2483 3584 snakenburgius,
2481 3502 2610 3566 edi·

416 3605 595 3664 tionis
630 3606 805 3664 1724.
827 3587 1593 3682 omniumloeupletissimae
1623 3613 1878 3663 curator.

505 3702 663 3760 1639
689 3709 749 3760 et
783 3701 938 3759 1640
978 3699 1377 3779 Argentorati.
1409 3701 1470 3759 8.
1498 3701 1537 3756 2
1564 3697 1706 3758 voll.
1729 3696 2144 3776 (Freinshemii
2168 3717 2193 3756 1
2202 3699 2246 3768 .)
2272 3645 2616 3774 Alexander

350 3871 359 3880 ae
421 3795 683 3875 Magnus
712 3796 945 3857 duobus
978 3795 1177 3855 Tomis
1216 3803 1702 3876 repraesentatus,
1729 3814 1981 3874 quorum
2023 3795 2122 3856 hie
2169 3795 2496 3857 Historiam
2524 3795 2608 3864 Q.

420 3892 608 3952 Curtii
638 3893 775 3952 Rufi
796 3911 935 3952 eum
962 3889 1399 3970 supplementis
1420 3902 1483 3951 et
1500 3891 1706 3952 Indice
1731 3891 2142 3970 copiosissimo
2161 3891 2604 3970 complectitur3

420 3988 572 4050 alter
596 3987 1071 4062 Commentarios
1099 3987 1156 4046 in
1183 3986 1465 4054 Q.Curtii
1496 3987 1676 4048 libros
1695 3987 2043 4066 superstites
2064 3987 2320 4049 exhibet.
2373 3985 2606 4049 Edebat

416 4086 531 4160 Jov
548 4085 1005 4160 Freinshemius.
1028 4083 1343 4164 Argentor.
1373 4102 1632 4158 unexr..
1653 4083 1934 4146 Prostant
1953 4083 2118 4164 apud,
2131 4082 2380 4144 heredes
2402 4083 2620 4156 Lazari,

418 4180 702 4259 Zetzneri.
772 4181 921 4256 Haee
968 4181 1029 4241 in
1083 4180 1276 4243 fronte
1302 4181 1471 4256 Tomi
1496 4178 1691 4262 primi.
1739 4179 2612 4259 Alter-,Commentarios-conff
