3222 4944
950 470 1029 519 m
1080 474 1145 531 ρ.
1193 470 1455 519 cunm
1516 472 1656 517 mn.
1703 470 1780 517 x.
1827 472 1990 519 cer.
2035 458 2098 521 1.
2287 500 2292 506 -
2445 458 2616 525 1578

444 624 661 700 impetu
688 620 900 699 captis,
930 618 1381 687 Halicarnasum
1406 620 1607 681 urbem
1639 620 2028 701 permunitam
2065 621 2322 692 obsedit,
2365 624 2626 701 eamque'

444 736 561 776 non
614 716 743 775 sine
782 716 983 775 labore
1029 725 1453 794 expugnatam,
1492 716 1622 775 solo
1647 718 1926 795 aequavit.
2010 718 2322 797 Ingressus
2353 718 2610 791 Cariam,

444 811 577 871 Ada
604 812 795 871 Cariae
822 810 1025 890 regina
1051 814 1211 889 (quoe
1242 831 1425 890 regno
1456 813 1530 871 ab
1561 811 1951 885 Orontobate,
1979 833 2154 891 quem
2183 814 2399 873 Darius
2427 816 2606 875 mise-

444 920 557 980 rat,
596 907 791 985 pulsa,
834 905 973 965 nihil
1001 907 1314 985 quicquam
1347 906 1405 964 in
1429 916 1556 967 tota
1582 908 1777 979 Caria,
1810 920 2026 987 praeter
2055 908 2291 981 Alinda,
2319 910 2446 989 ejus
2475 929 2611 988 prof

442 1004 652 1063 vinciae
668 1005 869 1064 urbem
898 1004 1371 1073 munitissimam,
1402 1005 1666 1077 tenebat)
1697 1005 2034 1065 Alexandro
2063 1006 2296 1065 obviam
2321 1005 2610 1084 prosecta,

444 1098 677 1162 Alindis
704 1100 843 1158 urbe
873 1098 1107 1169 tradita,
1131 1120 1263 1159 eum
1288 1100 1345 1157 in
1370 1099 1555 1159 filium
1584 1100 1908 1179 adoptavit.
1994 1100 2122 1161 Rex
2153 1120 2262 1161 nec
2290 1100 2610 1163 liberalita-

441 1202 559 1253 tem
586 1195 861 1267 foeminoe,
884 1214 993 1255 nec
1014 1194 1118 1255 filii
1146 1214 1358 1254 nomen
1390 1205 1761 1274 aspernatus,
1804 1198 2009 1256 urbem
2045 1195 2236 1257 eidem
2263 1196 2606 1257 custodieri-

439 1288 573 1349 dam
603 1289 859 1371 reliquit.
942 1289 1093 1349 Tota
1134 1289 1350 1349 deinde
1388 1290 1565 1349 Caria
1592 1292 1862 1361 subacta,
1888 1310 2108 1353 memor
2136 1295 2363 1373 accepti
2383 1294 2610 1353 benefi-

436 1385 509 1445 cii
530 1404 663 1446 eam
684 1386 1019 1445 universam
1047 1383 1198 1444 Adoe
1226 1385 1469 1463 imperio
1498 1386 1770 1465 subjecit.
1820 1386 1976 1447 Hinc
2005 1388 2068 1447 in
2089 1388 2326 1466 Lyciam
2347 1398 2404 1449 et
2427 1388 2608 1451 Pam-

435 1480 696 1560 phyliam
727 1481 937 1550 tendit,
984 1500 1057 1541 eo
1104 1480 1371 1549 consilio,
1420 1491 1486 1539 ut
1528 1500 1635 1541 ora
1681 1481 1966 1541 maritima
2017 1482 2094 1542 ad
2141 1483 2504 1544 Phoeniciam
2545 1494 2608 1545 et

440 1576 709 1637 Ciliciam
752 1595 941 1655 usque
988 1576 1047 1635 in
1100 1587 1451 1654 potestatem
1499 1576 1760 1645 redacta,
1810 1578 2052 1637 navales
2091 1579 2294 1657 copias
2333 1579 2604 1640 hostibus

435 1669 673 1733 inutiles
692 1671 985 1732 redderet.
1069 1671 1447 1751 Devictisque
1475 1672 1788 1734 rebellibus
1821 1672 2056 1733 Pisidiae
2082 1674 2342 1753 populis,
2374 1694 2606 1739 summo

436 1767 651 1827 mentis
678 1766 907 1839 ardore,
934 1786 1046 1827 nec
1072 1766 1279 1829 minori
1310 1768 1634 1839 alacritate,
1663 1768 1946 1831 adversus
1971 1768 2238 1839 Darium,
2267 1788 2442 1848 quem
2469 1788 2606 1835 cum

436 1863 633 1923 multis
700 1861 1075 1925 militantium
1132 1862 1393 1923 millibus
1450 1862 1772 1925 adventare
1817 1865 2156 1933 constabat,
2205 1864 2598 1934 contendens,

436 1954 776 2038 Phrygiam,
802 1976 909 2039 per
934 1978 1113 2038 quam
1140 1960 1431 2020 exercitus
1461 1960 1865 2023 traducendus
1884 1970 2029 2029 erat,
2055 1972 2147 2021 est
2170 1960 2496 2037 ingressus.

756 2404 1595 2482 CHRISTOPHORI
1677 2406 1897 2484 BRU
1910 2408 1984 2486 N
1991 2406 2146 2486 ΟΝ
2155 2408 2250 2486 IS

810 2598 1465 2660 SUPPLEMENTUM
1514 2599 1599 2657 IN
1647 2561 1791 2662 ιιΒζ
1835 2603 1910 2660 x.
1956 2601 2133 2659 cAP.
2171 2604 2224 2658 1.

434 2793 841 2854 Scnlr'ronzs
888 2813 1079 2855 rerum
1122 2806 1419 2874 gestarum
1467 2795 1787 2854 Alexandri
1828 2795 2056 2874 Magni,
2084 2792 2357 2854 hocloco
2385 2790 2596 2852 Caleni

434 2889 588 2960 Indi,
616 2891 673 2948 in
704 2889 1091 2970 pbilosopbiae
1122 2890 1331 2950 studiis
1374 2891 1573 2970 magni
1620 2890 1894 2959 nominis,
1943 2891 2298 2949 mentionem
2348 2887 2594 2946 faciunt.

433 2983 551 3052 Qui
591 3004 876 3064 persuasu
914 2985 1135 3046 Taxilis
1180 2987 1333 3066 regis
1380 2985 1568 3046 Indiae
1619 2987 2018 3046 Alexandrum
2060 2993 2322 3056 secutus,
2353 2982 2591 3043 tandem

430 3082 576 3142 miro
598 3081 799 3142 mortis
831 3101 1045 3160 genere
1075 3081 1335 3160 seipsum
1364 3081 1674 3142 interfecit.
1760 3083 1910 3141 Cum
1929 3081 2084 3140 enim
2115 3099 2374 3139 Lxxxu.
2405 3097 2598 3164 annos

431 3179 657 3256 absque
680 3177 803 3236 ullo
832 3179 1034 3237 morbo
1061 3177 1324 3248 vixisset,
1351 3176 1549 3237 dolore
1580 3177 1695 3236 alvi
1723 3187 2027 3254 correptus
2051 3176 2109 3232 in
2133 3173 2397 3244 Perside,
2415 3175 2590 3231 finem

430 3272 566 3332 vitae
597 3291 721 3332 suae
748 3270 961 3330 adesse
986 3273 1353 3349 conjectans,
1379 3291 1453 3331 ne
1481 3272 1661 3348 longo
1690 3273 1894 3332 morbo
1931 3279 2214 3350 perpetua
2239 3269 2377 3325 vitoe
2407 3267 2593 3325 felici-

428 3378 523 3428 tas
553 3365 1069 3436 contaminaretur,
1090 3385 1234 3425 neve
1252 3365 1452 3424 multis
1476 3367 1832 3426 medicorum
1860 3364 2189 3442 pharmacis
2211 3363 2364 3420 foret
2389 3381 2594 3421 excru-

430 3463 700 3532 ciandus,
748 3459 1150 3520 Alexandrum
1201 3461 1443 3538 rogavit,
1488 3472 1555 3519 ut
1602 3460 1712 3520 sibi
1759 3477 1962 3538 pyram
2009 3457 2294 3525 construi,
2343 3475 2593 3533 cumque

429 3557 800 3622 ascendisset
819 3555 1066 3616 eandem
1096 3555 1328 3617 incendi
1343 3557 1597 3635 juberet.
1683 3555 1812 3614 Rex
1841 3553 2136 3612 bominem
2175 3553 2252 3637 ab
2299 3550 2593 3610 horrendo

428 3657 663 3736 incepto
690 3672 867 3737 posse
911 3651 1187 3714 deterreri
1238 3671 1481 3731 sperans
1532 3650 1876 3711 dissuadere
1915 3649 2112 3728 coepit.
2194 3649 2414 3708 Verum
2453 3667 2592 3708 cum

430 3767 565 3812 eum
592 3751 767 3810 fixum
798 3759 975 3829 atque
998 3749 1413 3808 immutabilem
1442 3748 1499 3806 in
1530 3747 1822 3808 sententia
1849 3763 2208 3825 permanere,
2229 3763 2342 3802 nec
2366 3743 2426 3801 in
2473 3746 2594 3804 vita

428 3845 659 3906 retineri
676 3865 855 3926 posse
880 3846 1123 3912 videret,
1152 3849 1353 3923 pyram
1384 3844 1708 3905 secundum
1740 3842 1949 3902 Calani
1977 3840 2337 3900 voluntatem
2367 3839 2590 3899 exstrui

430 3942 708 4020 permisit.
792 3944 926 4011 Quo
948 3940 1181 4001 delatus
1210 3959 1384 4019 equo,
1411 3940 1669 4001 adoratis
1700 3939 1901 4018 patriis
1926 3937 2280 4004 numinibus,
2305 3933 2588 3992 Macedo-

431 4057 540 4098 nas
584 4037 887 4118 prehensis
934 4035 1202 4096 manibus
1250 4035 1500 4115 rogavit,
1534 4047 1602 4095 ut
1631 4035 1793 4094 illum
1823 4034 1977 4093 diem
2003 4033 2124 4090 laeti
2154 4049 2288 4090 cum
2317 4048 2452 4108 rege
2481 4047 2591 4106 po-

426 4143 624 4194 tantes
674 4133 993 4214 exigerent,
1040 4151 1215 4210 quem
1262 4132 1437 4210 paulo
1482 4137 1622 4210 po'st
1672 4129 1974 4210 Babylone
2021 4145 2085 4186 se
2132 4126 2388 4184 visurum
2419 4123 2594 4213 dixit..

430 4229 540 4289 His
579 4228 751 4296 dictis
794 4248 995 4312 pyram
1040 4225 1308 4290 ascendit
1354 4225 1645 4298 alacriter,
1677 4239 1854 4305 atque
1885 4222 2157 4283 membris
2189 4219 2400 4281 decore
2423 4239 2584 4280 com-
