3222 4944
576 362 746 426 1548

574 518 705 566 clion
725 515 811 563 liic
846 513 1065 562 Macedo
1087 511 1245 561 fuerit
1277 513 1427 563 Pella
1448 514 1619 563 oriun-

574 592 687 639 dus.
754 589 921 640 Quam
943 589 1144 652 quidem
1176 588 1523 651 conjecturam
1546 588 1622 635 in·

571 666 701 729 signi
722 663 1021 714 fulcimento
1042 664 1211 713 firmat
1228 664 1478 713 Arrianus
1504 663 1619 713 Iud.

575 753 663 787 ιιι.
686 743 764 787 10.
814 738 1005 801 Ἄρχων
1020 740 1047 786 ὁ
1068 736 1302 800 Κλεινίου,
1321 738 1400 787 καὶ
1422 736 1619 798 Δημόνι-

572 830 655 863 κος
674 815 700 861 ὁ
716 814 975 873 Ἀθηναίου,
1006 832 1052 863 κ.
1084 831 1134 862 τ.
1164 822 1215 862 λ.
1237 810 1367 863 οὗτοι
1386 812 1473 873 μὲν
1500 820 1622 862 Πελ-

574 891 715 938 λαῖοι.
759 889 951 938 Archon
988 890 1161 939 Clinia
1184 891 1231 939 F
1232 924 1245 938 .
1268 890 1497 950 Peilaeus,
1531 890 1624 938 ali·

575 979 661 1014 um
678 980 707 1013 a
728 972 899 1015 nostro
917 963 1149 1014 fuissent
1166 966 1365 1028 credas,
1384 968 1524 1015 nulla
1543 981 1622 1015 ra—

574 1041 717 1089 tione
762 1041 971 1103 poteris.
1034 1040 1122 1090 Sic
1158 1041 1319 1103 igitur
1353 1050 1493 1090 totus
1524 1041 1624 1089 iste

573 1118 767 1167 Justiui
810 1118 949 1165 locus
998 1118 1346 1167 emendandos
1391 1118 1624 1167 videtur=

574 1193 589 1219 ‘
612 1192 919 1241 Bactrianos
940 1192 1213 1255 Amyntas'
1234 1192 1325 1255 (de
1348 1207 1449 1257 quo
1473 1194 1626 1256 paulo

572 1267 771 1330 supra)‘
784 1268 1015 1329 sortitur,
1027 1268 1314 1330 Sogdianos
1325 1268 1593 1331 Philippus
1607 1284 1623 1330 ς

574 1344 798 1405 Stagnor
836 1344 1086 1404 Partbos;
1138 1343 1409 1406 Hyrcanos
1464 1346 1625 1392 Phra-

575 1417 846 1477 tafernes3
932 1419 1198 1468 Armenios
1266 1420 1626 1481 Tlepolemum

574 1492 762 1541 Persas
808 1493 1121 1553 Peucesten
1174 1493 1487 1557 Babylonios
1528 1496 1626 1543 Ar-

574 1569 706 1617 chon
753 1570 1008 1631 Pellaeus3
1054 1570 1347 1620 Arcesilaus
1387 1572 1626 1634 Mesopo·

576 1646 819 1694 tamiam.’
866 1646 1137 1697 Quomodo
1170 1646 1299 1696 etin
1323 1647 1513 1696 Orosio
1546 1660 1625 1695 re·

575 1720 869 1781 ponendum
908 1735 1081 1769 omnes
1121 1734 1255 1768 nunc
1288 1721 1465 1771 videre
1508 1734 1627 1784 pos-

573 1802 712 1842 sunt.

641 1866 879 1917 Aridaeus
915 1868 1121 1930 quidam
1157 1869 1295 1932 apud
1334 1868 1537 1919 Arrian.
1570 1876 1628 1921 et

575 1943 797 1993 Diodor.
843 1944 1088 2008 Phrygia
1110 1945 1175 1995 ab
1194 1944 1475 2009 Antipatro
1496 1962 1626 2009 ιιι-ιε-

577 2020 815 2082 ponitur:
841 2028 1106 2083 postquam
1127 2020 1411 2069 Alexandri
1434 2036 1625 2085 corpus

574 2093 625 2141 iu
654 2094 930 2156 AEgyptum
955 2101 1383 2157 transportasset:
1408 2110 1509 2144 non
1536 2110 1626 2145 au·

578 2175 683 2215 tem
714 2167 870 2217 fuisse
901 2167 918 2194 ⁸
946 2183 1120 2232 regem
1150 2169 1446 2229 Aridaeum‚’
1480 2179 1539 2220 ut
1572 2171 1624 2219 in

576 2243 785 2291 Justiuo
820 2256 947 2293 xm.
973 2248 1021 2293 4.
1050 2250 1099 2292 6.
1132 2231 1323 2300 editur.
1356 2260 1419 2292 ex
1453 2246 1628 2294 multis

576 2317 795 2366 Diodori
832 2318 923 2367 lib.
948 2332 1114 2370 xvm.
1141 2319 1269 2368 locis
1303 2320 1474 2383 colligi
1509 2328 1623 2383 pot-

578 2398 676 2440 est.

641 2466 895 2518 Asander.
958 2469 1090 2518 Vide
1115 2468 1417 2521 Cassander.

642 2543 923 2608 Atropates
954 2547 1145 2596 Mediae
1186 2549 1366 2612 majori
1404 2546 1626 2611 praefici-

580 2626 680 2669 tur.
769 2623 1003 2686 Orosius,
1058 2624 1139 2671 cni
1194 2623 1476 2686 Atropatua
1527 2629 1624 2671 est.

574 2695 608 2744 J
614 2697 781 2745 ustino
800 2697 1109 2761 Acropatos.
1152 2699 1380 2747 Diodoro
1395 2696 1628 2760 Ἀι-ράπης

576 2771 837 2834 mendose,
858 2781 915 2819 ut
932 2773 1295 2821 animadvertit
1317 2773 1475 2822 etiam
1494 2774 1628 2822 Bou-

576 2845 791 2903 garsius.
876 2849 1068 2897 Fuerat
1123 2860 1295 2896 antem
1338 2848 1448 2910 jam
1504 2850 1624 2896 olim

576 2918 771 2966 Media
794 2917 1073 2981 praesectus
1094 2921 1161 2965 ab
1184 2921 1493 2968 Alexandro.
1529 2921 1626 2969 Ar-

579 2989 703 3042 rian.
727 3006 803 3040 rv-
824 2997 873 3038 8.
898 2993 977 3039 18.
1002 2991 1087 3054 qui
1110 2991 1223 3053 ejus
1242 2990 1397 3041 filiam
1413 2993 1626 3042 Perdic-

576 3079 653 3113 σε
694 3064 985 3126 despondit.
1072 3064 1277 3115 Arriau.
1315 3080 1416 3115 vn.
1454 3071 1501 3116 1.
1544 3073 1626 3118 19.

574 3138 747 3201 Turpe
770 3139 1007 3187 mendum
1027 3139 1077 3188 in
1100 3141 1310 3192 Justino
1330 3150 1380 3190 et
1401 3142 1621 3193 Orosioz

576 3215 593 3242 ‘
618 3214 811 3264 Medio
854 3216 1035 3277 majori
1089 3213 1400 3279 Acropatos‚
1442 3220 1626 3267 minori

574 3302 724 3337 socer
746 3290 1013 3340 Perdiccas
1036 3292 1390 3354 praepouitur,'
1410 3293 1533 3342 tolle
1566 3295 1625 3344 il·-

578 3365 665 3414 lud
696 3363 713 3393 ⁴
733 3366 949 3430 minori,'
982 3374 1038 3415 et
1070 3366 1378 3417 constabunt
1401 3368 1498 3418 sibl
1519 3383 1625 3418 om-

578 3455 680 3490 nna.

642 3515 939 3564 Axiarclies.
1002 3516 1139 3565 Vide
1155 3516 1436 3579 Oxyartes·

644 3588 933 3637 Cassander
953 3586 1222 3653 Antipatri
1248 3591 1311 3639 F.
1344 3593 1396 3640 in
1418 3593 1624 3642 Cariam

577 3665 821 3712 mittitur.
885 3664 1111 3712 Curtius.
1166 3664 1439 3716 Diodorus.
1504 3671 1626 3719 Jus-

578 3741 732 3789 tinns.
774 3737 1006 3790 Orosius.
1052 3739 1299 3790 Arrianus
1322 3742 1407 3792 lib.
1428 3758 1463 3793 ι.
1484 3745 1625 3806 apud

579 3814 735 3864 Pbot.
771 3829 891 3863 nam
928 3813 1061 3862 libro
1085 3827 1163 3863 rx.
1196 3817 1321 3867 ibid.
1359 3825 1413 3868 et
1442 3821 1496 3868 in
1534 3833 1624 3867 ex·

578 3897 761 3952 cerpto
830 3889 1063 3954 Dexippi
1130 3893 1313 3942 vitiose
1378 3895 1627 3944 scribitur

578 3965 595 3992 ⁸
621 3963 892 4025 Asander‚’
930 3972 988 4014 ut
1018 3964 1240 4015 advertit
1273 3966 1409 4017 And.
1442 3970 1625 4019 Schot-

580 4047 679 4088 tns.
745 4039 1015 4088 Balbutire
1058 4041 1177 4090 mibi
1219 4042 1423 4092 videtur
1468 4045 1624 4093 etiam

582 4114 647 4160 de
678 4115 831 4163 Caria
861 4114 1151 4164 Cassandro
1184 4117 1379 4166 tradita
1418 4119 1626 4169 Latino-

584 4189 859 4238 barbarus:
883 4191 900 4218 ⁸
917 4189 1197 4255 Phrygiam
1214 4201 1385 4242 antem
1406 4203 1463 4244 ct
1484 4195 1624 4246 illam

1268 373 1482 422 NOTAE.
1528 372 1929 421 VARIORUM
1981 370 2058 419 IN

1695 526 1932 575 magnam
1967 510 2192 560 Caesaria
2243 507 2548 558 Deasandro
2583 508 2742 557 tradi-

1695 587 1811 636 dit.'
1878 588 2086 650 Lyciam
2125 584 2189 633 ad
2228 585 2626 647 Hellespontum
2665 598 2747 633 as-

1697 663 1867 723 signat
1899 661 1946 709 ei
1983 660 2281 709 cedrenus:
2317 660 2398 708 vel
2433 661 2604 721 potius
2646 660 2744 722 Ly-

1697 739 1830 787 ciam
1876 752 1938 786 ac
1985 738 2221 799 Hellesp.
2265 743 2322 784 ut
2364 735 2634 799 legendum
2677 737 2750 785 sit

1696 810 1868 861 Λυκίας
1907 811 1984 861 καὶ
2023 810 2398 869 Ἑλλησπόντου·
2445 820 2505 859 ut
2539 811 2746 875 quidem

1700 896 1847 937 extat
1869 889 1918 936 iu
1939 887 2258 938 Eusebianis.
2325 887 2558 939 Justinus
2577 887 2750 936 denuo

1700 963 1810 1026 ejus
1854 964 2066 1013 inducta
2109 964 2370 1012 mentione
2411 963 2748 1025 stipatoribus

1700 1040 1832 1101 regis
1851 1040 2161 1089 satellitibus
2179 1038 2426 1103 proeflcit:
2453 1038 2590 1103 qnod
2611 1038 2747 1089 forte

1701 1122 1880 1178 postea
1917 1113 2133 1177 factum,
2167 1129 2268 1163 non
2304 1128 2396 1163 suo
2427 1115 2540 1164 loco
2571 1117 2750 1165 retulit

1697 1190 1964 1249 Justinus;
1999 1204 2114 1239 nam
2147 1205 2178 1238 a
2211 1197 2360 1253 patre
2387 1191 2619 1254 equitum
2641 1191 2747 1239 clii-

1699 1266 1890 1315 liarcba
1921 1268 2230 1316 constitutus
2255 1273 2352 1315 est.
2418 1266 2622 1315 Arriau.
2658 1267 2746 1315 lib.

1702 1354 1780 1389 rx.
1827 1340 2031 1389 demum
2075 1356 2139 1389 eo
2183 1348 2382 1390 mortuo
2423 1342 2748 1391 Macedonio

1702 1429 1915 1478 regnum
1951 1416 2189 1465 obtinuit.
2256 1417 2374 1468 Quo
2399 1416 2536 1465 forte
2557 1416 2748 1465 intuitu

1703 1492 1978 1555 Dexippus
2012 1493 2148 1555 apud
2187 1492 2377 1541 Euseb.
2419 1490 2554 1553 λόγῳ
2581 1492 2748 1555 πράῳ

1701 1570 1835 1631 patri
1859 1569 2106 1631 collegam
2131 1568 2307 1617 datum
2331 1576 2579 1617 autumat.

1765 1643 2064 1691 Cleomenes
2101 1642 2310 1691 additur
2343 1643 2628 1692 Ptolemaeo
2661 1643 2750 1706 qui

1701 1718 2016 1780 provinciam
2057 1719 2269 1781 AEgypti
2325 1719 2632 1779 assignatam
2677 1719 2750 1767 illi

1701 1793 1950 1843 traderet.
2036 1793 2289 1845 justinus.
2377 1795 2570 1843 Fuerat
2615 1794 2750 1843 enim

1699 1868 2002 1917 Cleomenes
2045 1868 2378 1919 Alexandriae
2429 1870 2746 1919 edificanda

1699 1942 2103 2005 prefectus,non
2117 1945 2322 2007 quidem
2341 1952 2400 1993 ut
2414 1946 2748 2005 architectus,

1699 2020 1826 2085 (quo
1870 2022 2073 2071 nomine
2115 2035 2218 2070 non
2260 2030 2403 2072 recte
2440 2036 2554 2071 cum
2593 2022 2752 2093 Dino-

1697 2106 1842 2147 crate
1881 2097 2260 2162 confunditur,)
2297 2099 2390 2147 sed
2424 2106 2484 2148 nt
2515 2107 2745 2161 satrapa,

1697 2174 1776 2223 vel
1797 2175 1988 2239 potius,
1999 2176 2152 2237 juxta
2169 2176 2414 2224 Nostrum
2434 2188 2590 2237 supra
2604 2189 2682 2225 tv.
2701 2180 2748 2224 8.

1698 2255 1746 2298 6.
1779 2250 1797 2277 ‘
1823 2247 2018 2298 Africae
2049 2251 2128 2299 vel
2152 2250 2363 2313 AEgypti
2388 2252 2723 2314 vectigalibus
2739 2252 2754 2273 '
2779 2280 2786 2287 -

1698 2324 2036 2386 praepositus:
2069 2324 2158 2372 ubi
2195 2324 2432 2389 quaedam
2457 2324 2524 2373 de
2553 2340 2616 2373 eo
2651 2326 2750 2373 dis·

1703 2405 1904 2459 putata.
1966 2398 2225 2449 Justinum
2265 2400 2484 2449 obscure
2517 2400 2641 2449 satis
2676 2402 2748 2449 lo-

1703 2481 1966 2536 quentem,
2005 2489 2120 2523 cum
2165 2475 2314 2524 modo
2348 2474 2506 2525 dictis
2542 2477 2750 2540 egregie

1699 2550 1930 2612 explicat
1963 2551 2269 2612 Dexippus:
2305 2552 2321 2578 ‘
2346 2551 2648 2600 Cleomenes
2687 2553 2752 2602 ab

1700 2624 1998 2673 Alexandro
2023 2639 2145 2687 rege
2177 2625 2292 2674 huic
2325 2625 2608 2688 Satrapioe’
2639 2627 2754 2690 (Ε-

1699 2698 1920 2763 gyptiae)
1951 2707 1966 2729 ⁸
1991 2700 2283 2761 impositus,
2309 2701 2549 2750 vicariam
2574 2701 2752 2750 Ptole-

1699 2790 1828 2824 maeo
1873 2783 2128 2838 praestare
2169 2791 2382 2838 operam
2412 2778 2583 2839 jussus
2619 2775 2752 2824 est2’

1699 2849 1836 2910 quod
1855 2857 1910 2896 et
1929 2848 2175 2897 Arrianus
2195 2849 2382 2898 firmat.
2427 2850 2592 2900 Quem
2611 2856 2753 2912 post·

1699 2937 1760 2970 ea
1798 2923 1990 2972 occidit
2030 2924 2364 2985 Ptolemaeus,
2388 2923 2653 2974 Perdicca.-
2678 2922 2754 2973 fa·

1701 3004 1924 3058 ventem,
1947 3004 2008 3046 ut
2028 2995 2190 3046 refert
2210 2997 2508 3048 Pausanias.

1765 3071 1931 3119 Clitus
1967 3072 2180 3135 Lydiam
2215 3074 2420 3136 accepit
2443 3073 2510 3120 ab
2534 3073 2750 3134 Antipa-

1698 3151 1800 3194 tro.
1854 3145 2059 3194 Arrian.
2083 3147 2171 3195 lib.
2197 3161 2280 3196 rx.
2341 3148 2556 3197 Diodor.
2582 3159 2747 3197 xvm.

1699 3223 1781 3267 89.
1841 3220 1946 3270 Qui
1971 3234 2068 3267 uon
2102 3229 2276 3283 potest
2296 3234 2407 3271 esse
2429 3223 2577 3283 alius,
2599 3237 2751 3286 quam

1700 3291 1953 3356 superbus
1977 3295 2062 3346 ille
2087 3295 2222 3358 apud
2244 3297 2587 3363 Plutarcb.de
2607 3299 2752 3348 Fort-

1701 3367 1854 3416 Alex·
1893 3381 1956 3418 ιι.
1983 3373 2062 3417 12.
2087 3369 2152 3418 de
2175 3385 2276 3431 quo
2307 3385 2422 3432 sup.
2445 3370 2508 3420 ad
2547 3385 2674 3420 viu.
2701 3377 2746 3422 1.

1700 3447 1781 3492 20.
1847 3444 1997 3495 Quod
2031 3452 2088 3493 et
2125 3446 2318 3495 sustin.
2340 3456 2464 3506 1111,
2489 3451 2536 3494 6.
2562 3451 2641 3496 16.
2664 3447 2752 3494 fir-

1699 3528 1836 3571 matz
1881 3523 1898 3548 ‘
1923 3521 2060 3570 Clito
2106 3533 2233 3567 cura
2273 3519 2450 3567 classis
2488 3519 2750 3572 traditur-⁸

1699 3594 1849 3644 Tunc
1871 3596 2005 3642 enim
2029 3593 2296 3642 victoriam
2329 3594 2470 3642 illam
2495 3596 2748 3657 navalem,

1701 3667 1766 3716 de
1805 3683 1904 3733 qua
1939 3669 2270 3723 Plutarchus,
2307 3676 2362 3717 et
2394 3669 2590 3720 Justini
2619 3669 2750 3718 Pro·

1700 3745 1804 3806 log.
1828 3755 1946 3791 xiv.
1967 3744 2268 3793 obtinuerit.
2318 3743 2451 3792 Vide
2471 3744 2750 3794 Diodorum

1702 3830 1872 3867 xvm.
1900 3821 1982 3868 72.

1763 3895 2010 3942 Craterus
2048 3893 2330 3942 Alexandri
2376 3893 2436 3941 Ρ.
2478 3908 2544 3940 ex
2591 3893 2752 3943 Ores-

1701 3967 1829 4029 tide,
1851 3983 1966 4032 quae
1993 3969 2314 4019 Macedoniae
2339 3982 2457 4030 pars
2485 3977 2584 4018 est.
2652 3971 2750 4019 Ar·

1699 4044 1830 4092 rian.
1865 4043 2030 4093 Indic.
2064 4057 2118 4093 x.
2151 4049 2229 4093 12.
2294 4041 2580 4094 Alexandri
2603 4046 2750 4109 jussu

1701 4119 1754 4167 in
1771 4120 2028 4182 Europam
2047 4119 2520 4183 proficiscebatur„⁴
2536 4121 2752 4181 Antipa-

1702 4196 1767 4244 tri
1784 4195 1898 4245 loco
1915 4193 2308 4256 Macedonibus,
2322 4195 2574 4244 Thessalis
2588 4195 2750 4242 Thra·
