3222 4944
1108 425 1185 473 ιΝ
1234 426 1301 485 Q.
1344 424 1603 475 oua'rn
1661 426 1802 475 ms.
1847 428 1929 475 n.
2429 414 2601 481 1509

424 577 584 646 bam,
613 574 693 635 ad
722 573 1061 635 Danubium
1089 576 1147 633 in
1177 576 1431 637 insulam
1481 576 1740 638 Peucam
1782 578 2094 639 confestim
2141 579 2320 652 misit,
2373 600 2494 659 quo
2539 594 2602 643 et

426 671 685 733 Thraces
713 670 987 731 Triballis
1016 672 1247 733 finitimi
1278 692 1343 732 se
1370 683 1730 753 receperant.
1815 673 1946 733 Nec
1973 674 2160 734 multo
2189 686 2347 756 post,
2373 687 2434 737 et
2474 680 2602 757 ipse

430 768 673 847 Syrmus
710 766 919 827 eodem
942 767 1115 847 fugit.
1198 766 1453 847 Reliqua
1479 769 1874 829 Triballorum
1901 768 2222 830 multitudo
2249 772 2329 831 ad
2355 772 2604 833 alteram

428 864 684 923 insulam
732 882 797 923 se
824 864 1177 935 contulerat,
1206 883 1279 925 eo
1306 864 1367 923 in
1396 864 1553 936 loco,
1579 884 1655 924 ex
1680 884 1800 944 quo
1819 864 2008 944 pridie
2041 866 2376 928 Alexander
2399 886 2601 929 move-

430 968 543 1031 rat,
570 960 763 1019 sitam.
798 958 1141 1031 Alexander
1161 960 1453 1019 Triballos
1484 970 1780 1040 repetens,
1799 962 2002 1021 hostes
2021 982 2096 1022 ex
2114 963 2296 1042 sylvis
2312 963 2372 1022 in
2395 974 2602 1043 aperta

430 1066 799 1134 provocatos.
822 1066 1083 1135 superat,
1116 1074 1229 1115 111.
1274 1056 1535 1116 millibus
1564 1056 1762 1129 cessis,
1788 1057 2029 1135 reliquis
2051 1058 2114 1116 in
2142 1060 2344 1137 fugam
2370 1060 2606 1139 conjec-

432 1152 531 1223 tis,
575 1151 901 1231 paucisque
946 1150 1163 1230 captis.
1244 1152 1396 1213 Post
1430 1152 1587 1211 banc
1633 1170 1896 1231 pugnarn
1923 1152 2264 1213 Alexander
2295 1154 2372 1213 ad
2402 1155 2610 1215 Danu·

430 1248 591 1307 bium
628 1248 949 1325 profectus,
972 1247 1051 1307 ad
1076 1247 1354 1317 insulam,
1380 1247 1443 1306 in
1472 1266 1652 1325 quam
1679 1248 1924 1307 Triballi
1947 1268 2018 1309 ac
2037 1248 2300 1309 Thraces
2323 1250 2612 1329 confuge-

430 1352 583 1415 rant,
622 1342 967 1403 contendit:
1022 1342 1121 1402 cui
1161 1353 1363 1403 tamen
1408 1342 1642 1402 barbari
1687 1362 1920 1402 summa
1961 1344 2022 1403 vi
2060 1345 2420 1419 restiterunt,
2447 1344 2613 1424 quod

432 1450 561 1499 erat
586 1440 657 1498 iis
686 1438 943 1510 facilius,
970 1439 1249 1517 quoniam
1276 1448 1338 1498 et
1364 1456 1547 1499 naves
1576 1454 1788 1516 paucae
1818 1448 2009 1512 erant,
2029 1448 2092 1499 et
2113 1440 2330 1499 insulse
2355 1442 2614 1500 maxima

432 1552 571 1612 pars
613 1544 917 1613 prerupta
953 1553 1025 1593 ac
1066 1552 1357 1615 praeceps,
1401 1546 1463 1593 et
1496 1534 1754 1594 fluminis
1781 1554 2016 1606 cursus,
2042 1545 2250 1613 utpote
2269 1535 2330 1593 in
2359 1548 2614 1613 augusto

432 1630 777 1698 conclusus,
804 1629 1178 1690 concitatior.
1262 1630 1640 1710 Quapropter
1664 1629 2006 1689 Alexander
2031 1630 2308 1689 abductis
2335 1629 2476 1690 inde
2495 1637 2616 1689 *na-

435 1724 629 1795 vibus,
660 1724 907 1803 trajecto
932 1738 1113 1786 noctu
1134 1726 1395 1798 flumine,
1428 1742 1698 1785 mccccc.
1722 1724 2039 1802 equitibus,
2063 1724 2490 1804 peditibusque
2519 1742 2612 1785 iv.

434 1819 719 1892 millibus,
748 1820 936 1879 Getas
964 1826 1241 1900 (quorum
1268 1821 1501 1881 circiter
1531 1837 1628 1880 ιν.
1667 1819 1855 1879 millia
1899 1821 2185 1899 equitum,
2226 1820 2612 1900 peditumque

434 1932 618 1995 supra
640 1935 709 1975 x.
738 1915 943 1989 millia,
962 1916 1311 1996 prohibendi
1340 1917 1558 1988 animo,
1576 1917 1636 1975 in
1657 1915 1912 1976 adversa
1937 1917 2065 1994 ripa
2083 1926 2343 1976 armatos
2364 1915 2618 1991 viderat)

434 2012 626 2091 petiit.
711 2012 851 2081 Quo
887 2012 1047 2071 facto
1072 2012 1258 2072 territi
1284 2012 1480 2084 Getae,
1506 2030 1583 2071 ne
1610 2012 1862 2091 primum
1891 2010 2135 2089 quidem
2170 2013 2454 2089 impetum
2483 2030 2616 2071 sus-

348 2184 353 2191 ·
436 2108 687 2167 tinuere.
768 2108 893 2167 Res
922 2126 1167 2186 prorsus
1188 2109 1448 2186 ingentis
1478 2107 1747 2167 audacioe
1785 2108 1857 2167 iis
1885 2107 2036 2179 visa,
2063 2105 2468 2166 Alexandrum
2493 2116 2616 2166 tam

440 2202 616 2263 facile
662 2202 842 2260 unica
884 2214 1083 2274 nocte,
1134 2203 1494 2276 Danubium,
1544 2202 1808 2261 omnium
1851 2202 2104 2281 Europae
2127 2202 2447 2261 fluminum
2495 2220 2624 2261 am-

438 2298 771 2377 plissimum
798 2306 976 2374 atque
1001 2298 1376 2369 altissimum,
1392 2298 1559 2356 nullo
1584 2298 2036 2376 ponteinjecto,
2062 2298 2372 2357 transisse.
2457 2298 2623 2371 Con·

440 2392 807 2474 fugientibus
834 2392 1015 2471 igitur
1038 2391 1157 2451 illis
1182 2393 1247 2451 in
1275 2392 1571 2472 sylvarum
1600 2392 1952 2453 solitudines
1981 2402 2162 2471 atque
2188 2393 2466 2464 latebras,
2489 2392 2623 2450 Rex

438 2493 646 2550 urbem
672 2507 923 2549 vacuam
948 2499 1163 2549 nactus
1196 2488 1377 2568 cepit,
1416 2488 1664 2567 soloque
1705 2488 1986 2566 oequavit.
2071 2489 2211 2548 Huc
2251 2488 2366 2548 loci
2410 2504 2622 2548 venere

442 2587 628 2664 legati
656 2605 693 2644 a
718 2585 931 2644 ceteris
960 2584 1221 2643 Danubii
1248 2583 1492 2656 accolis,
1522 2602 1560 2643 a
1585 2584 1796 2664 Syrmo
1820 2582 2213 2642 Triballorum
2239 2601 2401 2660 rege,
2443 2591 2624 2660 atque

446 2681 785 2751 Germanis,
808 2679 888 2739 ad
934 2679 1357 2753 Alexandrum,
1402 2689 1469 2738 ut
1516 2698 1654 2738 cum
1697 2697 1770 2739 eo
1815 2677 2087 2738 amicitiae
2134 2676 2328 2736 foedus
2383 2677 2619 2736 inirent.

446 2777 679 2845 Quibus
708 2777 769 2836 in
796 2775 977 2836 fidem
996 2784 1059 2835 et
1086 2775 1401 2834 amicitiam
1419 2776 1705 2854 acceptis,
1723 2795 1758 2834 e
1775 2773 2092 2833 Germanis
2120 2770 2374 2852 quaesivi
2397 2813 2414 2843 ,
2433 2771 2624 2839 Quid-

376 2927 384 2936 ,
444 2875 585 2933 nain
631 2873 693 2930 in
739 2871 1015 2931 humanis
1056 2873 1233 2932 rebus
1276 2889 1401 2950 proe
1438 2871 1650 2930 ceteris
1679 2870 2147 2942 extimescerent,
2177 2877 2342 2926 ratus
2370 2868 2623 2926 nominis

448 2971 541 3029 sui
566 2967 1033 3047 magnitudinem
1058 2976 1199 3026 ante
1224 2967 1423 3026 omnia
1447 2965 1592 3045 ipsis
1622 2965 2064 3026 formidolosam
2087 2963 2294 3024 videri.
2377 2963 2471 3022 Illi
2508 2962 2624 3022 hoc

378 3075 387 3082 '
445 3083 517 3124 se
542 3063 805 3143 inprimis
832 3064 1033 3124 timere
1050 3062 1504 3140 responderunt,
1534 3081 1609 3120 ne
1636 3061 1788 3121 forte
1815 3061 1876 3119 in
1899 3079 2032 3120 sese
2061 3058 2384 3138 aliquando
2410 3059 2624 3117 coelum

442 3169 663 3221 rueret.
744 3157 1103 3230 Alexander,
1130 3156 1277 3215 nibil
1320 3165 1517 3215 motus
1566 3156 1838 3235 responsi
1885 3155 2181 3232 superbia,
2209 3163 2442 3213 tantum
2463 3153 2625 3230 adje-

450 3257 566 3316 cit:
610 3255 941 3312 Germanos
986 3254 1271 3328 superbos
1318 3269 1473 3321 esse,
1518 3269 1742 3328 eosque
1773 3251 2033 3308 'domum
2063 3248 2304 3308 remisit.
2389 3246 2536 3306 Inde
2565 3246 2626 3304 in

448 3349 751 3430 ‚Agrianos
780 3357 845 3406 et
868 3347 1125 3406 Paeonas
1154 3347 1281 3404 -iter
1322 3347 1703 3423 persequenti
1729 3344 2064 3402 nuntiatum
2091 3352 2203 3412 est,
2231 3342 2452 3400 Clitum
2485 3341 2626 3401 Bar-

454 3445 613 3529 dylei
641 3445 719 3504 ab
746 3459 821 3504 eo
856 3441 1175 3513 defecisse,
1220 3439 1677 3516 Glauciamque,
1709 3435 2152 3497 Taulantiorum
2198 3453 2418 3512 regem,
2461 3453 2526 3494 se
2573 3435 2630 3495 ei

452 3540 855 3622 conjunxisse.
936 3538 1121 3596 Erant
1150 3535 1339 3614 etqui
1366 3533 1706 3594 nuntiarent
1731 3531 1876 3603 fore,
1903 3541 1970 3590 ut
1995 3530 2320 3589 Autariatae
2343 3530 2537 3607 ipsum
2565 3527 2626 3587 in

452 3640 663 3699 itinere
692 3634 1080 3696 adorirentur.
1142 3629 1401 3691 Proinde
1428 3627 1670 3708 negotio
1694 3626 1772 3688 de
1799 3625 2120 3685 Autariatis
2152 3626 2380 3704 Lagare
2415 3625 2626 3708 Agria-

454 3753 667 3794 norum
690 3730 813 3809 regi
840 3728 965 3806 (qui
986 3728 1137 3807 patri
1164 3725 1439 3805 Philippo
1458 3723 1782 3784 admodum
1811 3741 2013 3793 carus,
2030 3721 2370 3780 Alexandro
2391 3739 2628 3798 quoque

458 3845 741 3908 perquam
782 3823 1085 3884 familiaris
1112 3825 1265 3896 erat)
1292 3821 1628 3893 commisso,
1657 3820 1896 3897 insuper
1925 3819 2096 3897 Cyna
2117 3834 2336 3886 sorore,
2365 3815 2462 3874 ubi
2491 3815 2630 3874 Pel-

460 3924 581 3984 lam
626 3922 985 3992 revertisset,
1032 3919 1189 3978 ultro
1222 3917 1285 3976 in
1314 3935 1553 3978 uxorem
1580 3915 1893 3995 promissa,
1923 3914 2052 3993 ipse
2080 3913 2158 3972 ad
2185 3912 2406 3970 Clitum
2437 3909 2652 3969 (ileu--

463 4021 735 4096 ciamque
776 4035 994 4095 magna
1030 4013 1332 4074 celeritate
1358 4011 1686 4082 contendit,
1714 4028 1934 4090 eosque
1961 4010 2123 4069 vario
2149 4007 2354 4088 praelio
2373 4005 2512 4064 vicit
2539 4013 2628 4062 at-

464 4135 582 4195 que
609 4113 943 4193 prostrayit.
1025 4111 1175 4170 Hsec
1202 4111 1401 4188 agenti
1428 4106 1848 4187 superveniunt
1871 4103 2084 4178 nuntii,
2107 4103 2324 4164 multos
2351 4101 2410 4159 in
2455 4099 2628 4159 Gree-

467 4213 561 4272 cia
587 4229 681 4270 res
712 4227 895 4270 novas
922 4208 1131 4279 moliri,
1152 4206 1545 4283 civitatesque
1573 4221 1693 4262 non
1723 4221 1964 4282 paucas,
1993 4211 2053 4262 et
2099 4197 2358 4280 inprimis
2397 4195 2626 4256 Theba-

578 4323 751 4388 Delph.
774 4327 821 4372 et
850 4322 965 4372 Ver·
990 4321 1118 4372 Clas.
1276 4395 1287 4404 .
1427 4317 1491 4374 Q.
1519 4317 1664 4367 Cart.
2385 4313 2414 4358 6
2451 4307 2502 4358 G
