3222 4944
931 418 1106 468 ουκ.
1152 416 1520 467 onnnsnu
1571 393 2155 472 sumnum-A.
2471 411 2646 477 15⁷5

472 568 729 627 Atticam
746 565 1094 627 contenditz
1124 568 1355 629 nemine
1382 586 1519 629 vero
1540 569 1732 650 ipsum
1759 570 2098 648 recipiente,
2121 572 2343 633 relictis
2365 574 2642 638 militibus

474 662 550 721 ad
580 662 889 735 Toennron,
921 663 1021 722 ubi
1036 661 1163 741 jam
1192 672 1369 723 entes
1394 664 1882 725 mercenariorum
1903 666 2174 740 militum,
2202 688 2352 748 quos
2381 672 2644 748 proel'ecti

472 758 533 815 in
556 758 701 818 Asia
716 778 790 819 ex
810 757 1091 817 mandato
1113 758 1269 837 regis
1292 760 1652 833 dimiserant,
1679 762 1890 839 ingens
1920 762 2231 823 multitudo
2257 766 2644 841 confluxerat,

471 853 737 915 Athenas
764 874 897 914 cum
922 854 1176 933 pecunia
1202 866 1295 915 est
1324 856 1643 934 profectus.
1724 856 1821 916 Ad
1851 876 2026 935 quem
2063 861 2345 920 continuo
2373 862 2640 923 certatim

470 968 689 1027 magna
704 953 791 1009 vis
812 950 1023 1009 civium
1051 951 1356 1024 confluxit,
1384 951 1507 1011 euri
1537 952 1748 1031 magis,
1773 972 1951 1031 quam
1978 954 2230 1015 hominis
2257 974 2453 1015 amore
2480 977 2644 1017 com·

470 1042 647 1123 pulsi,
698 1046 1074 1124 inprimisque
1118 1056 1398 1119 oratores,
1434 1059 1495 1107 et
1524 1048 1583 1107 hi
1634 1051 1732 1129 qui
1777 1060 2072 1128 quoestum
2096 1069 2167 1109 ex
2207 1050 2433 1131 pulpito
2461 1053 2641 1115 faeie-

470 1142 633 1201 bant.
718 1142 883 1209 Quos
901 1142 1112 1221 exiguo.
1142 1141 1451 1222 largitione
1474 1146 1780 1223 pellectos,
1801 1156 1869 1205 ut
1894 1164 2060 1205 suam
2087 1164 2329 1205 causam
2355 1146 2434 1206 ad
2453 1166 2642 1226 popu-

467 1236 587 1295 lum
616 1234 1021 1309 defenderent,
1050 1238 1160 1297 sibi
1188 1239 1359 1298 facile
1384 1240 1650 1301 emticios
1681 1241 1841 1303 fecit.
1909 1240 2130 1300 Habita
2157 1239 2374 1301 deinde
2402 1244 2643 1305 concio-

467 1351 541 1391 ne
562 1331 786 1411 populi,
809 1333 949 1391 urbe
976 1332 1261 1393 excedere
1279 1333 1505 1411 jussus,
1542 1336 1618 1395 ad
1649 1336 1891 1415 Graecos
1916 1337 2178 1415 pervenit
2193 1336 2430 1411 milites,
2448 1340 2640 1417 ibique

466 1427 799 1488 trucidatus
828 1438 939 1488 est.

547 1507 635 1565 Ex
663 1507 777 1577 his,
804 1506 1071 1569 studiose
1099 1508 1303 1579 lector,
1331 1529 1466 1588 quoe
1485 1509 1545 1568 in
1573 1509 1687 1570 hoc
1717 1511 2046 1589 fragmento
2078 1509 2315 1583 desunt,
2343 1512 2516 1573 facile
2545 1532 2634 1573 re-

336 1636 339 1641 ·
466 1603 666 1665 sarciri
694 1612 993 1683 poterunt.

658 2112 1681 2205 CHRISTOPHORI
1787 2112 2446 2206 CELLARII

1184 2344 1295 2409 SU
1308 2344 1629 2409 PPLEM
1639 2346 1913 2411 ENTA.

458 2551 708 2610 Cunrtr
755 2550 927 2610 Ruri
984 2549 1135 2609 duos
1178 2550 1399 2630 priores
1450 2551 1630 2611 libros
1669 2552 1878 2630 injuria
1925 2564 2252 2630 temporum
2292 2550 2631 2633 deperditos

456 2664 609 2714 esse,
639 2643 777 2706 inde
805 2647 878 2705 ab
909 2645 1270 2706 resuscitatis
1313 2644 1495 2706 literis
1540 2646 1850 2726 conquesti
1891 2659 2054 2718 sunt,
2080 2647 2182 2724 qui
2209 2647 2429 2706 damno
2452 2645 2630 2724 hujus

453 2741 686 2820 generis
713 2761 833 2801 non
868 2741 1073 2802 leviter
1116 2742 1438 2820 permoveri
1487 2742 1720 2802 solent:
1781 2761 1975 2822 neque
2001 2742 2063 2802 in
2087 2741 2247 2801 hunc
2277 2740 2432 2800 diem
2462 2739 2627 2800 inve-

452 2837 584 2908 niri,
609 2837 933 2917 quamlibet
960 2857 1185 2898 summo
1215 2836 1413 2896 studio
1432 2837 1758 2899 identidem
1785 2838 2071 2918 requisiti,
2099 2845 2436 2916 potuerunt.
2501 2835 2646 2894 Pri-a

454 2950 612 2992 mum
664 2933 841 3012 igitur
880 2937 1155 3013 ἀκέφαλοι
1183 2934 1261 3001 Q.
1306 2933 1495 2992 Curtii
1534 2933 1783 2993 historia
1827 2932 2269 2994 excudebatur:
2310 2939 2628 3011 postquam

452 3047 591 3088 vero
616 3027 1073 3108 Christophorus
1112 3027 1312 3088 Bruno
1353 3047 1511 3088 anno
1554 3047 1849 3088 unxmv.
1888 3039 2139 3089 conatus
2169 3037 2262 3088 est
2291 3045 2362 3086 ex
2388 3025 2628 3106 ingenio

455 3124 747 3204 supplere,
774 3145 906 3204 quse
935 3123 1305 3194 deficiebant,
1333 3124 1603 3183 omnibus
1633 3125 1754 3185 fere
1793 3125 2174 3194 editionibus,
2212 3124 2372 3184 illius
2398 3122 2629 3201 conjec-

451 3219 729 3292 tationes,
744 3239 1061 3298 suppresso
1087 3217 1429 3298 plerumque
1458 3219 1714 3292 nomine,
1729 3219 2002 3280 exhibitoe
2023 3219 2296 3284 fuerunt;
2321 3235 2470 3296 quas
2493 3235 2626 3276 cum

456 3333 569 3374 nec
614 3312 851 3374 dicendi
894 3316 1104 3391 copiae,
1146 3331 1339 3390 neque
1376 3323 1551 3372 tersoe
1588 3313 1902 3392 elegantiae
1930 3315 2005 3382 Q.
2045 3312 2230 3373 Curtii
2272 3311 2626 3392 respondere

452 3409 603 3471 vidit
640 3409 905 3484 Jonnnes
944 3407 1397 3480 Freinshemius,
1436 3407 1708 3467 uberiora
1747 3408 2172 3486 supplementa
2211 3425 2332 3465 non
2375 3405 2626 3466 infelici-

453 3517 541 3566 ter
567 3504 835 3574 tentavit,
860 3505 1156 3583 congestis
1186 3513 1495 3582 comteque
1534 3502 1862 3584 dispositis,
1890 3522 2026 3582 quae
2051 3520 2312 3581 unquam
2339 3500 2416 3560 de
2446 3501 2623 3560 Alex·

453 3601 639 3663 andro
668 3602 743 3662 ab
772 3600 897 3660 aliis
926 3600 1160 3673 tradita,
1187 3601 1247 3658 in
1278 3609 1393 3659 tem
1404 3617 1543 3678 pore
1571 3598 1850 3659 librorum
1877 3597 2314 3678 deperditorum
2342 3597 2624 3658 incidisse

452 3698 688 3777 reperit.
771 3697 890 3756 Sed
948 3706 1142 3755 tamen
1187 3694 1332 3756 solae
1372 3695 1730 3774 conjectum
1767 3706 1955 3766 erant,
1997 3714 2106 3755 nec
2145 3713 2280 3754 cum
2325 3693 2622 3753 Curtianis

454 3793 703 3854 conferri
759 3811 870 3852 sua
916 3791 1043 3870 ipse
1098 3791 1184 3848 vir
1231 3790 1660 3851 eruditissimus
1722 3790 1926 3850 voluit.
2008 3789 2391 3858 Quintianum
2445 3789 2621 3848 etiam

456 3889 659 3946 Stoam
686 3885 1015 3968 supplesse,
1045 3905 1179 3965 quse
1210 3885 1371 3946 initio
1411 3887 1487 3954 Q.
1517 3887 1708 3948 Curtii
1754 3886 1991 3957 desunt,
2021 3886 2312 3944 Antonius
2353 3883 2622 3942 Possevi·
2661 3931 2668 3938 .

454 4003 568 4043 nus
594 3995 655 4044 et
682 3985 945 4044 ,lacobus
976 3983 1299 4044 Gortonius
1328 3983 1717 4055 tradiderunt,
1737 3981 1812 4044 de
1831 3984 2044 4063 quibus
2075 3994 2139 4041 ut
2163 3980 2477 4058 incognitis
2494 3982 2624 4055 (ne-

452 4099 571 4159 que
598 4079 774 4138 etism
810 4077 1259 4156 diligentissimo
1287 4078 1495 4138 editori
1536 4078 1816 4139 Michaeli
1843 4077 2094 4138 Telliero
2127 4077 2255 4135 visa
2283 4077 2446 4148 sunt)
2473 4075 2618 4133 nihil

442 4176 713 4252 judicare
764 4192 1098 4253 possumus.
1182 4173 1273 4231 Ne
1302 4193 1442 4252 ergo
1480 4174 1766 4234 tironibus
1788 4174 2137 4254 imponatur,
2169 4189 2320 4248 quos
2365 4171 2420 4229 in
2469 4171 2622 4230 Bru-

456 4272 627 4331 nonis
659 4270 1081 4350 supplemento
1112 4271 1327 4330 frustra
1355 4290 1511 4350 saepe
1534 4271 1820 4350 quaesisse
1840 4269 2122 4341 novimus,
2144 4285 2278 4346 quoe
2299 4263 2618 4346 indagave-
