3222 4944
586 390 759 456 1550

1270 402 1486 451 1101·AE
1536 400 1871 448 vamum]
1885 401 1931 447 Μ
1985 400 2062 448 ΙΝ

590 548 819 597 Eumene
860 560 976 607 cap.
1008 550 1057 595 7.
1120 546 1427 609 Quanquam
1464 558 1530 592 nc
1568 542 1636 593 de
1709 543 1862 606 ippus
1901 540 2036 605 apunl
2073 537 2384 589 Eusebium:
2417 538 2459 585 si
2497 544 2670 586 tamen
2701 538 2761 587 ii-

586 622 791 672 nomine
814 621 1022 685 quidem
1046 635 1130 669 res
1162 620 1285 670 satis
1308 629 1471 670 certa.
1538 620 1637 669 Ar·
1710 618 1796 667 lud
1852 622 2155 679 excerptum
2197 620 2279 662 est
2323 611 2588 674 Dexippi3
2646 625 2761 661 nam

584 696 768 745 meniis
810 696 947 759 apud
988 694 1254 745 Justinum
1308 694 1636 744 emendatum
1711 692 1852 755 apud
1874 690 2027 739 Phor.
2054 688 2272 737 Arriano
2295 686 2570 735 consentit.

584 772 936 833 'l'leptolemus
974 770 1283 834 praeficitur:
1337 771 1424 835 qui
1468 777 1638 819 tamen

586 845 643 893 in
681 845 808 895 Mas.
846 846 1035 907 legitur
1066 846 1222 895 etiam
1248 844 1640 908 Neoptolemus.

580 919 745 983 ‘Apud
794 919 1077 969 Diodorum
1122 926 1296 968 tamen
1340 928 1395 967 et
1431 918 1638 969 Arrian.

584 994 676 1044 lib.
695 1006 775 1043 tx.
807 994 1093 1043 Carmanlae
1111 992 1393 1056 preficitur
1407 993 1642 1056 Tlepole-

588 1082 720 1117 mus.
779 1068 859 1116 De
882 1082 987 1131 quo
1006 1069 1208 1116 nomina
1227 1066 1384 1116 infra.

672 1144 900 1193 Nicanor
949 1144 1245 1192 nominatur
1294 1144 1431 1205 apud
1478 1144 1640 1193 Justi-

588 1232 726 1267 num.
796 1217 957 1280 Cujus
980 1228 1153 1267 tamen
1176 1219 1229 1267 M
1236 1232 1305 1267 ss.
1328 1233 1642 1281 magnopere

590 1294 834 1344 turbant:
870 1308 935 1343 ex
958 1293 1141 1357 quibus
1162 1294 1331 1342 omnia
1355 1292 1527 1357 potius
1552 1294 1644 1343 eli-

586 1370 715 1431 cias,
735 1384 885 1433 quam
908 1370 1233 1418 Nicanorem.
1278 1368 1443 1417 Immo
1462 1370 1479 1397 ⁸
1495 1369 1644 1431 Stag-

590 1444 797 1494 norem’
828 1444 1101 1508 quemdam
1136 1444 1340 1506 signare
1383 1442 1642 1503 videntur,

590 1520 674 1569 cui
698 1527 751 1569 et
776 1532 888 1569 xm.
912 1525 961 1568 5.
981 1524 1027 1569 1.
1075 1518 1297 1568 Parthos
1316 1518 1391 1566 ait
1412 1517 1646 1566 traditos.

589 1597 836 1646 Ceterum
863 1596 1111 1645 Nicanori
1144 1594 1345 1644 cuidam
1371 1594 1646 1657 Cappado-

592 1672 748 1734 ciam,
766 1672 819 1721 in
840 1673 1004 1721 altera
1024 1671 1273 1719 divisione
1297 1670 1477 1718 tribuit
1499 1668 1646 1717 Anti-

593 1752 763 1807 pater.
848 1745 1097 1793 Arrianus
1150 1741 1243 1794 lib.
1286 1755 1365 1790 ιι.
1433 1742 1644 1791 Diodor.

596 1810 763 1867 xiv-iu.
793 1822 875 1867 89.
944 1817 1167 1880 Appiau.
1208 1818 1271 1865 de
1307 1818 1373 1863 Β.
1406 1815 1643 1865 Mithrid-

594 1895 690 1942 Eat
709 1892 917 1955 quidem
940 1892 1172 1941 Nicanor
1193 1891 1319 1940 alius
1340 1888 1587 1950 Σέλευκος,
1619 1891 1646 1937 ὁ

594 1967 671 2017 καὶ
695 1965 922 2030 Νικάνωρ,
952 1965 1030 2015 διὰ
1062 1966 1121 2015 τὸ
1144 1965 1373 2022 ἀναβῆναι
1406 1965 1474 2015 εἰς
1492 1968 1645 2021 Bane·

596 2045 745 2102 λῶνα,
781 2039 859 2089 καὶ
888 2042 1116 2103 κρατῆσαι
1133 2042 1229 2089 τῶν
1248 2037 1513 2103 βαρβάρων,
1545 2040 1646 2090 Ce-

596 2116 815 2165 drenus:
852 2116 943 2164 sed
964 2115 1053 2179 qui
1076 2116 1199 2163 nihil
1216 2116 1313 2163 huc
1336 2117 1611 2177 pertineat.

660 2192 887 2255 Oropius
919 2202 1119 2255 partem
1148 2189 1422 2253 Sogdiana
1458 2191 1644 2241 tenuit.

594 2268 890 2332 Dexippus.

657 2342 921 2406 Oxyartes
945 2342 1054 2391 sive
1074 2341 1337 2392 Oxathres
1357 2338 1645 2389 Alexandri

594 2431 743 2467 socer
766 2416 1111 2466 Bactrianam.
1176 2414 1483 2465 Eusebiaua.
1545 2414 1644 2464 Ce-

594 2493 798 2542 drenus.
862 2491 1307 2555 Paropamisadas.
1383 2489 1644 2539 Diodorus

599 2581 719 2618 ιιι.
743 2571 821 2616 1⁴.
848 2566 939 2630 qui
960 2573 1131 2615 tamen
1164 2573 1219 2614 ct
1253 2565 1644 2614 Bactrianorum

594 2657 769 2705 regem
788 2640 934 2691 facit.
971 2641 1425 2690 Latinobarbarus:
1448 2641 1465 2668 ‘
1479 2640 1646 2702 Super

597 2716 1055 2780 Parapamisodum
1099 2723 1273 2764 antem
1312 2713 1644 2776 Oxydarcum

592 2790 853 2840 ordinavit
876 2789 1122 2852 regnare!
1184 2789 1331 2838 Idem
1364 2789 1647 2851 Dexippus.

598 2869 859 2916 Arrianus.
921 2865 1177 2927 Justinus,
1198 2864 1241 2912 si
1260 2865 1428 2926 legas:
1452 2864 1467 2891 ⁶
1489 2863 1648 2911 Para-

596 2941 905 3005 pamisadu,
923 2939 1048 2988 fines
1064 2939 1281 2984 Caucasi
1300 2937 1489 2985 montis
1502 2938 1646 2999 Oxy-

599 3021 739 3063 artes
761 3011 965 3073 accepit
981 3009 1017 3070 ;’
1046 3009 1183 3074 quod
1204 3017 1257 3059 et
1280 3009 1409 3059 vidit
1430 3025 1495 3058 ex
1520 3011 1647 3061 Dio-

598 3087 727 3137 doro
748 3086 1081 3148 Bongarsius.

663 3163 947 3214 Perdiccas
981 3161 1195 3211 Orontis
1230 3161 1289 3211 F.
1322 3161 1546 3211 Macedo
1578 3177 1644 3212 ex

599 3237 863 3289 Orestide.
918 3237 1123 3286 Art-ian.
1147 3236 1316 3286 ludio.
1338 3249 1426 3285 ιιι.
1450 3241 1530 3286 12.
1554 3238 1645 3286 im·

597 3313 800 3377 perium
822 3312 1053 3363 dividens
1075 3327 1167 3361 suo
1188 3311 1457 3362 arbitratu.
1521 3311 1646 3360 Cur-

600 3389 719 3440 tins.
787 3387 1051 3439 Arrianus.
1120 3387 1404 3451 Appianas.
1477 3385 1644 3436 Justi-

600 3478 715 3515 nus.
750 3465 846 3513 sibi
880 3465 1053 3520 sumit,
1083 3464 1097 3493 ⁸
1125 3472 1182 3513 ut
1205 3477 1320 3513 cum
1345 3475 1465 3526 rege
1488 3469 1647 3521 esset,

601 3543 865 3605 copiisque
904 3546 1168 3604 praeesset,
1204 3553 1319 3602 quai
1360 3551 1533 3602 regem
1566 3553 1646 3587 se-

603 3615 857 3680 quebatur
876 3613 910 3672 3'
960 3613 1056 3662 hoc
1108 3620 1207 3672 est,
1255 3618 1314 3660 ut
1360 3625 1450 3661 rex
1494 3617 1648 3662 esset.

605 3689 831 3740 Curtius.
897 3687 1049 3735 Unde
1082 3693 1139 3735 et
1174 3684 1567 3735 Macedonicum
1598 3686 1646 3736 ei

603 3777 815 3826 regnum
836 3762 1065 3811 evenisse
1094 3759 1361 3810 credidere
1382 3761 1647 3810 cedrenus

604 3845 660 3888 et
692 3834 981 3888 Jornandes
1015 3835 1189 3884 Getic.
1220 3849 1337 3896 cap.
1358 3839 1441 3884 1⁰.
1473 3836 1560 3899 qui
1595 3843 1650 3886 et

607 3912 992 3964 Atheniensium
1049 3910 1391 3974 principatum
1458 3909 1652 3973 adjicit.

604 3988 697 4039 ob
718 4001 833 4037 eam
856 4001 977 4037 vcro
1010 3992 1322 4049 potestatem
1358 3985 1503 4048 regni
1536 3999 1653 4049 pro·

608 4070 893 4113 curatorem
931 4061 1131 4110 faciant
1155 4060 1401 4109 Arrianus
1438 4069 1493 4109 et
1529 4059 1652 4111 Dio·

610 4139 782 4188 dorus.
868 4136 1298 4198 Archistratigum
1350 4135 1654 4184 Latinobar·

610 4210 785 4265 barus.
827 4211 1070 4278 Phrygia
1086 4209 1263 4274 majori
1281 4209 1500 4273 praeficit
1516 4205 1656 4260 Dea·

1779 770 2063 818 Peucestas
2086 758 2367 815 Alexandri
2404 764 2462 813 F.
2497 764 2763 813 Mieza-us.

1714 841 1964 892 Arrianus
2001 840 2304 890 emendatus
2343 838 2512 888 Indic.
2553 852 2637 888 m.
2681 844 2762 888 u.

1715 916 1946 967 Persidis
1966 924 2174 977 satrapa
2191 914 2502 963 constitutus
2521 912 2586 961 ab
2605 912 2767 961 Alex-

1714 994 1894 1043 andro.
1967 992 2168 1057 Arrian.
2209 1002 2286 1038 vi.
2310 994 2358 1037 5.
2383 994 2426 1038 l.
2463 990 2515 1037 in
2553 1002 2617 1037 ea
2649 1000 2764 1049 pro-

1714 1068 1885 1116 vincia
1923 1072 2172 1115 remanet.
2239 1064 2513 1112 Diodorus.
2576 1063 2766 1113 Justin.

1715 1144 2032 1193 emendatus.
2099 1139 2562 1190 Latinobarbarus:
2596 1144 2612 1167 ⁸
2639 1138 2767 1187 Per-

1715 1220 1878 1269 sidam
1918 1226 2080 1270 totam
2119 1220 2282 1269 Pereo
2320 1215 2568 1267 donavit!
2633 1218 2766 1266 Con·

1715 1296 1937 1346 firmavit
1959 1297 2006 1344 ei
2029 1296 2342 1358 potestatem
2360 1308 2474 1342 eam
2499 1290 2769 1355 Antipater

1717 1372 1890 1419 etiam.
1955 1370 2202 1419 Arrianus
2224 1367 2314 1417 lib.
2333 1380 2413 1417 tx.

1804 1445 2079 1509 Philippus
2131 1442 2420 1507 praeticitur
2475 1442 2763 1504 Dragaentr.

1719 1522 2001 1571 Cedrenus.
2023 1520 2132 1568 sive
2160 1520 2332 1581 potius
2355 1518 2684 1580 Drangianae,
2707 1524 2768 1567 ut

1718 1598 1769 1645 in
1811 1595 2133 1653 Eusebianis‚
2166 1608 2280 1657 quai
2319 1592 2586 1641 cedrenus
2621 1592 2766 1654 sequi

1719 1670 1954 1718 videtur:
1999 1666 2226 1717 Φίλιππος
2260 1669 2575 1729 Δραγγινῆς·
2611 1674 2768 1729 Apa-y·

1715 1743 1826 1804 -γινὴ
1846 1751 1924 1793 est
1946 1742 2200 1803 Diodoro,
2237 1756 2352 1806 quae
2385 1742 2623 1791 cedreno
2643 1749 2768 1803 Δρα-

1715 1817 1872 1878 γαίνη·
1896 1818 1963 1866 de
1987 1818 2217 1879 Drangis
2241 1830 2392 1879 supra
2423 1830 2624 1880 quoque
2659 1816 2769 1864 dic-

1719 1900 1825 1942 tum
1863 1890 1927 1940 ad
1963 1902 2085 1939 vm.
2115 1893 2165 1937 2.
2201 1892 2282 1938 1⁷.
2347 1890 2607 1938 Diodorus
2642 1890 2762 1937 Phi·

1718 1970 1863 2031 lippo
1885 1966 2213 2015 Bactrianam
2237 1970 2292 2014 et
2327 1964 2637 2027 Sogdianam
2673 1965 2766 2013 tri-

1719 2042 1865 2092 buit:
1910 2054 2061 2106 quem
2108 2040 2355 2088 minorem
2398 2037 2524 2088 facit
2565 2040 2770 2088 Latino-

1719 2118 1963 2167 barbarus
1982 2134 1996 2165 z
2019 2116 2036 2143 ‘
2051 2115 2387 2178 Togdianiam
2401 2114 2416 2136 ’
2437 2114 2767 2179 (Sogdianam

1719 2191 1992 2255 intelligit)
2012 2197 2028 2220 ‘
2048 2191 2290 2254 Philippo
2311 2190 2494 2239 minori
2513 2188 2659 2238 dedit
2678 2189 2770 2237 do-

1717 2266 1947 2317 minare)
1995 2266 2092 2315 Cui
2114 2266 2370 2314 consentit
2389 2272 2444 2313 et
2467 2264 2736 2326 Dexippus
2755 2278 2772 2323 ς

1717 2350 1774 2391 et
1815 2342 2070 2401 Justinus,
2119 2341 2161 2388 si
2216 2341 2390 2403 legas:
2445 2338 2770 2403 ‘Sogdianos

1718 2417 2009 2480 Phiiippus,
2049 2416 2272 2479 Stagnor
2299 2414 2540 2475 Parthos,
2567 2413 2767 2478 Hyrca·

1719 2505 1812 2542 nos
1833 2491 2240 2551 Phratafernes,’
2259 2494 2358 2539 διο.
2409 2490 2540 2542 Quoe
2563 2489 2771 2564 quidem

1719 2568 1877 2617 lectio
1915 2567 2212 2617 conciliaret
2245 2574 2506 2615 auctorem
2541 2579 2642 2614 non
2663 2579 2772 2640 ma<-

1720 2643 1797 2706 gis
1819 2642 1952 2703 aliis,
1973 2655 2120 2706 quam
2143 2641 2484 2702 sibimetipsi:
2515 2641 2558 2687 si
2600 2648 2772 2688 tamen

1721 2716 1866 2765 malis
1905 2715 1978 2765 ita
2005 2716 2228 2777 jungere
2271 2715 2288 2741 ‘
2315 2713 2538 2762 Parthos
2575 2713 2774 2773 Philip-

1722 2788 1854 2853 pus,’
1873 2789 2160 2852 intelligere
2185 2789 2378 2850 poteris
2407 2787 2474 2836 de
2497 2787 2770 2850 posteriori

1722 2863 2133 2925 divisione,apud
2160 2863 2361 2910 Arrian.
2385 2860 2476 2910 lib.
2497 2874 2579 2910 tx.

1801 2938 1954 2987 Philo
1997 2938 2186 3000 accipit
2229 2937 2447 3000 Illyrios.
2522 2937 2776 2988 Justinus.

1720 3012 1956 3064 Orosius.
2021 3012 2252 3062 Mediam
2297 3013 2421 3060 dant
2465 3011 2682 3059 Cedren.
2717 3019 2774 3059 et

1720 3089 2025 3138 Eusebiaua.
2087 3086 2192 3137 Sed
2231 3101 2324 3150 pro
2353 3085 2508 3134 Φίλων
2545 3085 2614 3132 ibi
2647 3086 2773 3132 seri-

1718 3163 1939 3212 bendum
1973 3161 2165 3222 uriom,
2189 3161 2364 3222 reliqui
2387 3167 2624 3208 auctores
2647 3172 2773 3208 con-

1716 3237 1947 3286 vincunt.
2012 3235 2244 3284 Philonis
2283 3233 2428 3283 istius
2469 3233 2624 3282 iidem
2669 3246 2773 3282 non

1719 3311 2092 3370 meminerunt3
2144 3317 2202 3357 ut
2253 3309 2336 3357 vix
2385 3306 2584 3356 firmum
2636 3307 2774 3355 inter

1720 3384 2000 3434 Alexandri
2035 3384 2194 3433 duces
2226 3385 2392 3432 locum
2427 3383 2560 3431 tueri
2595 3382 2772 3445 possit,

1717 3459 1805 3522 qui
1829 3461 1976 3508 unius
1999 3457 2213 3520 Justini,
2251 3458 2458 3521 ejusque
2494 3457 2655 3521 ipsius
2680 3455 2773 3503 dn·

1721 3535 1806 3584 bia
1829 3535 1994 3583 adhuc
2017 3533 2242 3582 lectione
2263 3533 2465 3583 nititur.

1785 3608 2020 3658 Philotas
2039 3606 2240 3656 obtinet
2257 3607 2538 3670 Phrygiam
2559 3606 2624 3657 ad
2647 3605 2773 3656 Hel·
2805 3633 2812 3638 -

1721 3685 2007 3746 lespontum
2031 3683 2215 3744 primo.
2259 3681 2472 3732 Diodor.
2497 3695 2663 3731 xvm.
2687 3685 2772 3730 ta.

1723 3757 1908 3807 deinde
1923 3757 2171 3806 Ciliciam.
2188 3757 2410 3806 Curtius.
2427 3755 2632 3805 Arrian.
2649 3756 2776 3804 Dio·

1722 3834 1896 3883 dorus.
1949 3831 2247 3896 Dexippus.
2291 3831 2484 3882 Justin.
2539 3830 2776 3881 Orosius.

1725 3908 2191 3958 Latinobarbarus:
2226 3907 2244 3937 ⁶
2263 3907 2496 3956 Ciliciam
2517 3915 2690 3956 antem
2719 3915 2776 3956 et

1721 3983 1939 4047 Isauria,
1973 3989 2029 4032 et
2061 3983 2230 4032 omnia
2265 3981 2482 4030 circuitu
2516 3982 2630 4044 ejus
2653 3981 2775 4030 Pini-
2861 4019 2869 4027 .

1725 4057 1844 4106 lone
1897 4057 2188 4107 ordinavit?
2251 4056 2356 4105 Sed
2406 4056 2672 4118 provincia
2719 4054 2774 4103 ei

1724 4131 1859 4181 baud
1899 4132 2062 4183 multo
2105 4138 2220 4194 post
2252 4130 2512 4180 adimitur.
2578 4129 2769 4181 Justln.

1726 4220 1854 4259 ιιιιι.
1890 4212 1940 4259 θ.
1981 4212 2062 4258 16.
2095 4207 2165 4258 ob
2203 4206 2480 4264 amicitiam
2507 4205 2774 4270 Antigoni,
