3222 4944
590 371 763 437 1496

657 531 687 593 ς
705 530 773 577 30
804 526 866 577 In
884 525 1030 590 ὅπου]
1060 524 1465 615 sigebergenses
1486 538 1643 574 mem·

1282 384 1497 433 No‘rffl.
1544 380 1944 432 vamolwu
1995 380 2074 429 m

1777 522 1860 573 812·
1877 523 2054 573 seilicet
2073 522 2762 573 venumdemus-ceom-

592 604 790 664 branae,
825 602 1143 652 concinnem
1164 602 1271 663 jan
1300 602 1510 651 «ssimum
1546 602 1642 650 ira.
1713 603 1820 649 ture
1861 604 2094 654 nutarem,
2137 604 2185 649 et
2219 612 2330 647 rur-o
2369 598 2612 661 quisquan·
2651 612 2766 659 erga

594 679 820 729 Modius.

671 753 700 816 ς
733 755 796 802 17
830 750 1069 814 Supplicia
1090 748 1327 813 montis]
1384 747 1643 799 Dissentit

594 829 747 892 plane
766 829 993 878 aCurtio
1017 825 1281 888 Arrianus,
1298 826 1440 890 quil.
1462 838 1539 874 vr.
1562 838 1642 874 re-

594 900 719 965 fert,
765 902 1009 952 Orsinem
1041 902 1274 951 Per-aidis
1314 900 1643 964 wasemium,

598 979 735 1044 quod
757 976 879 1029 fana
901 976 1489 1042 spoliasset‚multosque
1513 976 1648 1025 Per-

594 1068 765 1103 sarum
789 1054 973 1117 injuste
992 1053 1313 1116 peremisset,
1328 1050 1645 1114 damnatum,

592 1130 711 1179 etin
722 1138 927 1179 crucem
944 1135 1131 1191 actum,
1143 1128 1401 1177 Peucesto
1412 1127 1463 1177 iu
1476 1126 1646 1175 locum

593 1206 706 1270 ejus
752 1202 990 1253 suffecto.
1035 1204 1233 1267 Popmo.
1300 1202 1540 1267 Supplicia
1570 1202 1646 1250 in-

592 1280 765 1343 sontis]
798 1278 1001 1330 Arrian.
1025 1292 1102 1329 vt.
1126 1285 1174 1328 5.
1196 1283 1277 1328 20.
1300 1292 1403 1328 nou
1432 1284 1647 1328 excusat

596 1356 801 1406 Orsinis
823 1354 1183 1404 innocentiam.
1240 1352 1505 1411 Plutarch.
1530 1367 1644 1416 cap.

595 1436 708 1483 118.
749 1446 782 1481 a
824 1430 1110 1480 Macedone
1148 1429 1368 1494 quodam
1410 1436 1646 1493 apertum

594 1507 668 1557 ait
680 1505 1005 1570 sepulchrum
1026 1522 1041 1555 ε
1062 1513 1075 1534 ·
1090 1504 1267 1562 Hinc:
1282 1506 1472 1571 inquit,
1492 1509 1507 1535 ‘
1528 1520 1646 1554 cum

596 1584 720 1649 Cyri
744 1583 1087 1633 conditorium
1110 1592 1346 1648 apertum
1368 1584 1646 1647 comperis-

596 1667 695 1720 set,
748 1656 1015 1708 interfecit
1071 1664 1353 1717 auctorem,
1416 1658 1648 1721 quamvis

594 1735 819 1784 Pellaeus
843 1739 983 1782 esset
1014 1747 1115 1782 non
1146 1746 1213 1782 ex
1252 1732 1648 1795 obscurissimis,

593 1810 679 1873 qni
706 1808 757 1858 id
792 1808 1087 1869 admiserat,
1118 1808 1461 1872 Polymacbus
1488 1809 1649 1857 uomi-

594 1898 680 1933 ne.
680 1884 953 1933 '.Ruderas
990 1881 1330 1947 ApndStrab.
1348 1884 1505 1947 culpa
1528 1898 1648 1933 con-

594 1958 763 2008 fertur
783 1959 835 2008 in
868 1956 1138 2024 predones
1170 1958 1393 2021 ignotos.
1430 1958 1651 2010 Freinsfi.

663 2034 905 2094 Regum
946 2032 1184 2095 feminas]
1262 2033 1527 2083 Arnisoens
1584 2033 1650 2083 de

604 2109 829 2172 Republ.
885 2122 945 2158 n.
1000 2113 1081 2158 12.
1119 2112 1167 2158 1.
1205 2109 1353 2173 plura
1380 2110 1654 2160 dominati-

597 2198 749 2233 onum
792 2184 1115 2235 muliebrium
1148 2186 1387 2250 exempla
1423 2186 1652 2237 adducit.

596 2258 769 2324 Juuge
816 2275 932 2324 qna!
972 2260 1039 2311 de
1084 2260 1429 2311 Amazonibus
1472 2268 1654 2311 notata

595 2342 717 2384 snut
739 2348 853 2399 sup.
873 2336 937 2384 ad
961 2349 1036 2385 vr.
1066 2340 1117 2385 δ.
1140 2340 1221 2387 24.
1288 2336 1455 2385 Addit
1488 2336 1504 2363 ‘
1528 2337 1651 2387 olim

595 2423 837 2471 regnasse
858 2408 1071 2459 feminas
1092 2410 1136 2457 ε’
1159 2418 1213 2459 at
1231 2410 1274 2459 si
1298 2409 1517 2460 Arriano
1538 2424 1578 2462 ι.
1598 2416 1650 2461 7.

595 2489 677 2534 2⁵.
701 2485 976 2548 credimus,
996 2485 1280 2535 Alexandri
1296 2493 1529 2550 tempore
1546 2489 1561 2515 ⁸
1580 2489 1652 2538 U-

595 2559 802 2610 sitatum
826 2561 1015 2609 eratin
1040 2559 1181 2624 Asia,
1205 2561 1315 2625 jam
1340 2561 1458 2610 inde
1493 2577 1524 2611 a
1558 2563 1651 2613 Se-

594 2633 885 2695 miramide,
909 2641 965 2684 nt
988 2642 1043 2685 et
1072 2637 1293 2687 virorum
1328 2650 1516 2686 uxorea
1539 2653 1652 2701 reg·

596 2709 821 2759 nurent!
860 2710 1076 2759 Freinsk.

664 2786 882 2846 Regnare
903 2785 1189 2849 castratam]
1232 2783 1345 2833 Imo
1368 2785 1650 2836 secundnm

596 2863 821 2912 Plinium
846 2875 972 2911 xnr.
1003 2867 1053 2913 4.
1087 2863 1209 2912 nibil
1248 2864 1385 2912 novi.
1453 2866 1649 2915 Palma

598 2941 613 2966 ⁸
633 2937 836 3000 regibus
876 2945 1076 2988 tautnm
1110 2937 1340 2986 Persidis
1375 2939 1649 2988 servaban-

596 3021 683 3062 tur
708 3011 973 3074 Babylone
1006 3011 1141 3061 na‘tae
1172 3027 1274 3062 uno
1301 3014 1351 3063 in
1376 3014 1524 3064 horto
1548 3017 1650 3065 Ba-

596 3101 727 3149 gou3
762 3086 833 3135 ita
861 3087 996 3135 enim
1032 3095 1223 3137 vocant
1256 3088 1528 3152 spadones,
1560 3093 1650 3156 qni

596 3161 735 3226 apud
757 3176 845 3212 eos
872 3163 1029 3212 etiam
1062 3163 1382 3227 regnavere!
1449 3165 1650 3216 Intelli-

596 3239 695 3300 git‚
728 3239 929 3301 opinor,
963 3253 1101 3302 eum,
1134 3240 1219 3302 qui
1254 3240 1412 3289 Dario
1434 3254 1650 3305 regnum

598 3313 743 3363 dedit
768 3329 922 3378 snpra
944 3327 1020 3364 vt.
1043 3317 1093 3364 8.
1118 3317 1197 3365 12.
1238 3313 1458 3365 Freinsh.

659 3389 688 3452 §
733 3392 799 3439 ⁸9
854 3389 1073 3453 Praeeeps
1126 3391 1191 3439 ud
1246 3392 1648 3456 repr-mentando]

597 3463 794 3514 Confer
816 3465 982 3515 locum
1005 3480 1081 3515 vr.
1106 3471 1185 3515 ll.
1206 3473 1259 3514 et
1279 3467 1331 3517 J.
1358 3467 1416 3515 F.
1447 3468 1648 3520 Grono-

596 3540 734 3588 vium
758 3539 825 3587 de
846 3540 1063 3601 pecunie
1082 3541 1264 3592 Veteri
1286 3553 1326 3591 ι.
1348 3547 1398 3592 6.
1435 3543 1582 3594 Saule.

661 3612 795 3660 Idem
834 3611 919 3674 nd]
958 3612 1168 3662 Mallem
1184 3616 1357 3678 legere
1374 3617 1488 3666 item
1506 3621 1569 3669 ad
1584 3627 1649 3672 et.

595 3682 844 3735 Sebeffer.
910 3685 1067 3749 Idem]
1100 3688 1275 3753 Forte,
1306 3691 1441 3742 item.
1482 3693 1647 3744 Hein-

598 3763 722 3813 sius.
1292 3813 1299 3822 ,

662 3841 777 3903 §⁴⁰
809 3835 943 3886 Satis
979 3837 1168 3902 mas]
1201 3838 1281 3889 De
1306 3839 1515 3891 Conone
1541 3842 1647 3893 Ne-

597 3929 689 3979 pos
714 3927 829 3977 cap.
850 3919 901 3964 5.
932 3918 949 3942 ⁸
976 3913 1185 3964 Accidit
1216 3915 1356 3978 huic,
1391 3919 1525 3979 quod
1562 3933 1647 3968 ce-

596 3990 722 4040 teris
766 3988 1086 4051 mortalibus,
1130 3997 1187 4040 nt
1226 3991 1650 4044 inconsideratior

596 4068 649 4116 in
696 4065 939 4128 secunda,
973 4079 1125 4130 qnam
1163 4067 1215 4117 in
1254 4067 1472 4119 adversa
1506 4081 1650 4121 esset

596 4141 837 4193 fortuna.'
873 4143 1053 4192 Celtar.

1716 673 1835 722 bono
1851 686 1939 721 sac
1961 673 2082 721 sotis
2101 679 2268 721 cauas
2287 662 2404 736 est]
2435 673 2628 721 Mirum
2651 675 2766 723 ime

1717 748 1886 799 omnia
1921 763 1952 797 a
1983 749 2290 798 membranis
2313 749 2766 813 sigebergensibus

1717 823 1920 874 abesse.
1954 824 2166 873 Medius.
2233 825 2296 873 In
2339 839 2395 874 re
2431 838 2579 887 pene
2615 824 2768 873 simili

1719 899 1895 948 similis
1931 899 2135 947 omnino
2180 899 2428 963 loquendi
2460 898 2637 947 modus
2675 898 2765 947 lib.

1723 988 1843 1026 vm.
1866 982 1881 1005 ‘
1903 975 2064 1038 Regis
2087 976 2250 1025 minna
2263 976 2372 1039 jam
2395 974 2768 1039 cupiditatibus

1721 1049 1826 1100 suls
1847 1050 2147 1113 imperantis
2169 1050 2305 1099 inter
2336 1049 2580 1113 obsequia
2605 1048 2768 1099 fortu-

1719 1140 1820 1189 no,
1859 1134 2042 1177 contra
2095 1140 2244 1191 quam
2290 1140 2391 1175 non
2441 1126 2566 1175 satis
2612 1133 2769 1175 cauta

1719 1201 2049 1253 mortalitas!
2107 1202 2295 1252 Acidal.
2361 1201 2496 1250 Vide
2551 1202 2767 1252 Gruter.

1721 1278 2022 1328 Discat-‚jn
2041 1278 2210 1327 Tacit.
2230 1292 2347 1341 cap.
2364 1283 2414 1329 5.
2449 1278 2672 1329 Freinsh-

1786 1357 1814 1419 §
1850 1358 1912 1405 41
1950 1355 2121 1418 Regno
2161 1354 2441 1419 reduxerat]
2491 1354 2578 1403 lta
2617 1354 2771 1404 habet

1719 1433 1944 1495 optimus
1959 1437 2015 1480 et
2029 1430 2411 1495 antiquissimus
2429 1429 2592 1479 codex
2609 1430 2769 1493 scrip—

1723 1514 1807 1556 tus
1831 1506 2178 1555 Coloniensis=
2220 1506 2373 1568 vulgo
2405 1504 2611 1568 alioqui,
2639 1504 2768 1554 etin
2831 1566 2844 1577 .

1721 1582 2020 1646 quibusdam
2048 1582 2204 1631 etiam
2223 1594 2374 1630 mauu
2393 1580 2617 1630 exaratis
2639 1586 2770 1641 erat,

1719 1674 1921 1721 regnare
1933 1658 2120 1707 dixerat
2132 1673 2151 1716 ,·
2168 1656 2303 1721 quod
2323 1657 2396 1706 ita
2417 1657 2634 1719 exponit
2647 1655 2769 1705 Gla·

1724 1748 1926 1798 rea-ms,
1950 1742 2008 1784 ut
2029 1748 2145 1783 enm
2173 1734 2356 1797 ipsum,
2396 1748 2511 1783 cum
2535 1731 2622 1780 illa
2645 1732 2772 1782 seri-

1723 1810 1889 1869 beret,
1913 1812 2068 1860 risum
2089 1824 2190 1859 nou
2213 1808 2440 1859 tenuisse
2461 1808 2770 1858 existimem.

1725 1886 1934 1936 Medias.
1979 1885 2282 1935 Curtianum
2302 1883 2398 1933 boc
2417 1896 2517 1931 uon
2537 1888 2634 1943 est,
2655 1882 2770 1931 Mo-

1725 1962 1934 2012 dianum
1955 1968 2056 2023 est,
2077 1961 2162 2027 qul
2188 1969 2359 2009 tamen
2383 1966 2644 2009 auctorem
2669 1958 2770 2007 Co·

1726 2038 2007 2087 lonienaem
2026 2038 2126 2086 Ms.
2151 2036 2345 2085 laudnt.
2397 2032 2593 2097 Vulgus
2617 2032 2773 2082 libro·

1727 2126 1840 2162 rnm
1891 2112 2049 2162 babet
2096 2124 2298 2173 regnem
2353 2109 2562 2159 «ἰὴ-ινιτ.
2642 2108 2772 2157 Inde

1727 2202 1844 2252 ego.
1873 2202 2077 2249 regnare
2114 2186 2366 2237 didicerat.
2432 2182 2636 2234 Acerba
2659 2184 2770 2233 irri-

1726 2265 1800 2313 sio
1844 2271 1944 2327 est,
1987 2264 2040 2312 in
2083 2262 2394 2313 contrarium
2437 2259 2772 2324 accipienda:

1725 2352 1934 2388 summe
1973 2346 2129 2387 antea
2165 2335 2530 2386 moderationis
2569 2348 2679 2397 rex,
2717 2342 2775 2384 et

1727 2428 1848 2463 vere
1871 2428 1982 2478 rex,
2016 2414 2181 2463 victor
2215 2412 2418 2463 tandem
2447 2426 2538 2462 rex
2561 2425 2674 2461 esse
2696 2411 2776 2460 di·

1725 2491 1958 2540 dicerat:
2006 2489 2150 2554 quasi
2191 2489 2244 2539 id
2281 2503 2402 2538 vero
2435 2487 2650 2553 regium,
2671 2501 2772 2537 non

1725 2581 1790 2616 ex
1815 2580 1965 2631 equo
1998 2574 2054 2617 et
2079 2565 2201 2629 jure
2236 2579 2408 2630 agere,
2443 2565 2534 2614 aed
2567 2579 2661 2628 pro
2682 2578 2774 2614 ana

1725 2649 1780 2691 et
1797 2641 2012 2691 aliorum
2036 2640 2250 2691 libidine
2279 2641 2514 2704 grassari.
2579 2640 2776 2691 Proba·

1723 2717 1802 2766 bis
1825 2718 1938 2772 lioc,
1978 2730 2040 2765 an
2079 2715 2204 2766 illud
2243 2716 2437 2779 magis?
2475 2731 2590 2766 nam
2629 2731 2774 2780 ecce,

1725 2791 1845 2841 dnm
1889 2799 2312 2854 commentamur,
2353 2791 2533 2841 incidit
2579 2794 2776 2854 regnari

1723 2867 1969 2916 didicerat.
2035 2865 2288 2917 Hostibus
2307 2866 2452 2916 victis
2471 2867 2584 2932 ipse
2606 2869 2775 2918 victus

1727 2941 2064 3004 regnabatur.
2131 2941 2400 2993 Quomodo
2433 2943 2454 2990 ι’
2495 2942 2777 3006 subjungit,

1726 3023 1741 3047 ⁸
1761 3023 1820 3066 ut
1841 3017 2088 3067 adversus
2113 3016 2370 3066 libidinem
2390 3017 2543 3065 animi
2560 3015 2778 3065 arbitrio

1725 3093 1884 3142 scorti
1910 3093 2020 3144 aliis
2045 3108 2205 3157 regna
2221 3093 2385 3155 daret,
2398 3091 2506 3140 aliis
2525 3091 2779 3141 adimeret

1727 3169 1914 3219 vitam:
1931 3169 1948 3194 ⁹
1969 3177 2024 3219 nt
2041 3169 2230 3225 fatear,
2253 3169 2360 3233 ipse
2377 3167 2498 3216 mihi
2513 3179 2612 3215 non
2628 3168 2778 3217 satis·

1725 3241 1864 3292 facio
1897 3243 1949 3292 in
1989 3245 2083 3294 bac
2123 3242 2472 3293 festinatione.
2515 3243 2780 3292 Acidaliae.

1725 3319 1933 3368 Modiua
1950 3333 1981 3368 e
2005 3319 2350 3383 chirographo
2383 3313 2672 3369 Coloniensi
2696 3333 2778 3366 re-

1725 3395 1932 3458 scripsit
1968 3410 2116 3457 regno
2153 3397 2444 3452 reduxero&
2495 3407 2588 3442 nec
2627 3405 2778 3454 regna

1721 3473 1991 3533 reduxerat,
2019 3478 2076 3519 nt
2097 3469 2561 3533 importunum,lnic
2586 3468 2775 3531 placet,

1725 3559 1822 3594 nec
1845 3546 2014 3608 prisca
2037 3543 2310 3606 scriptura,
2343 3557 2494 3604 mm
2509 3543 2771 3606 ndioeernt,

1723 3619 1860 3682 quod
1885 3619 2006 3667 nibil
2026 3625 2106 3668 est
2124 3618 2316 3668 dicere.
2366 3617 2590 3667 Acidalii
2613 3619 2776 3682 prima

1724 3694 2038 3756 conjectura,
2067 3699 2125 3744 et
2146 3693 2403 3757 scriptura
2426 3694 2613 3742 omissa
2637 3707 2780 3756 pror·

1724 3784 1810 3820 aus
1853 3770 2020 3820 altera
2056 3769 2269 3830 arridet,
2302 3783 2456 3833 quam
2496 3783 2594 3832 ego
2633 3777 2778 3819 certe

1724 3845 1976 3895 sinceram
1993 3854 2050 3895 et
2063 3859 2356 3909 germanam
2377 3843 2620 3893 arbitror.
2645 3845 2776 3895 Quae

1723 3923 1953 3987 sequitur
1965 3923 2293 3986 conjectura,
2313 3921 2509 3981 regnari
2525 3919 2777 3982 didicerat,

1724 4011 1824 4045 non
1870 3997 2072 4046 videtur
2106 4010 2172 4045 ex
2209 3994 2360 4056 genio
2397 3993 2586 4054 Curtii,
2623 4007 2776 4058 quem

1725 4079 2002 4135 utcumque
2035 4071 2174 4120 novi.
2209 4069 2444 4120 anderu.
2511 4071 2678 4132 Regna
2701 4084 2777 4117 re·

1725 4146 1952 4208 duxerat]
1983 4147 2190 4210 vulgati
2228 4151 2352 4194 ante
2381 4145 2634 4208 Modiam,
2663 4159 2774 4204 reg-
