3222 4944
578 416 752 488 1574
892 431 1067 483 cna.
1112 428 1495 483 sanxonis
1540 428 1801 478 surra.
1848 422 1924 478 m
1977 431 2047 491 q.
2091 428 2355 479 cunm
2389 430 2468 479 x.
2513 414 2576 479 1.

579 586 811 666 positis,
840 604 911 645 eo
939 602 1059 664 quo
1080 581 1300 643 resedit
1325 590 1498 663 gestu
1526 590 1809 661 perpetuo
1849 590 2222 649 conservato,
2266 580 2567 641 occubuit.
2654 582 2749 639 In·

580 700 764 743 censa
790 700 951 763 pyra,
979 681 1141 739 tubas
1166 678 1503 748 insonuere,
1525 687 1806 755 totusque
1827 677 2114 735 exercitus
2135 676 2422 737 clamores
2446 676 2507 736 in
2529 677 2746 737 coelum

580 777 839 847 sustulit,
861 774 1020 835 haud
1049 794 1222 835 secus
1240 784 1417 853 atque
1444 774 1503 832 in
1531 772 1748 852 praeliis
1777 772 1900 831 fieri
1922 772 2095 831 solet.
2166 772 2482 852 Elephanti
2506 792 2748 853 quoque

577 870 937 933 horrendum
963 870 1404 931 infremuerunt.
1489 868 1640 928 Haec
1657 867 1733 927 de
1763 868 1972 927 Calani
1997 876 2180 926 morte
2202 868 2531 947 gravissimi
2559 870 2748 949 scrip-

582 978 787 1049 serunt
833 978 1124 1035 auctores,
1161 966 1359 1026 invicti
1408 964 1585 1025 animi
1615 963 1692 1023 ad
1713 964 1993 1043 quaelibet
2023 962 2170 1023 dura
2197 974 2542 1025 constanter
2557 966 2748 1046 perfe-

579 1062 785 1133 renda,
828 1062 1126 1141 singulare
1151 1060 1505 1139 exemplum.
1587 1060 1736 1119 Post
1762 1059 1890 1118 hoec
1921 1061 2077 1119 Susa
2102 1060 2396 1139 profectus
2429 1061 2750 1140 Statyram,

580 1159 861 1238 majorem
889 1158 1054 1219 Darii
1082 1157 1282 1226 filiam,
1308 1156 1569 1237 legitimo
1598 1155 1710 1215 sibi
1738 1156 2038 1234 copulavit
2066 1154 2455 1216 matrimonio.
2534 1156 2746 1215 Junio-

582 1274 704 1315 rem
740 1254 1051 1335 Dryperim
1096 1252 1505 1331 Hephaestioni
1551 1270 1796 1311 uxorem
1822 1251 2008 1311 dedit.
2093 1252 2487 1330 optimatibus
2509 1270 2745 1332 quoque

586 1350 1009 1419 Macedonum,
1056 1359 1234 1429 atque
1269 1348 1689 1427 insignioribus
1717 1347 1918 1407 amicis
1950 1346 2134 1407 lectas
2163 1366 2235 1407 ex
2257 1347 2530 1407 omnibus
2558 1347 2752 1427 genti-

581 1448 696 1506 bus
730 1446 1127 1507 nobilissimas
1171 1445 1426 1525 virgines
1475 1443 1704 1504 circiter
1733 1463 1946 1503 nxxx.
1993 1442 2360 1503 matrimonio
2399 1442 2748 1503 collocavitt

582 1560 659 1602 ne
678 1542 843 1602 solus
872 1543 1009 1602 novi
1036 1541 1211 1601 moris
1240 1552 1447 1600 auctor
1472 1539 1802 1599 haberetur.
1886 1539 2124 1617 Nuptiae
2153 1539 2388 1599 Persico
2411 1556 2570 1599 more
2593 1538 2750 1597 cele-

580 1639 769 1699 bratae
807 1648 965 1698 sunt.
1050 1636 1316 1717 Reliquis
1364 1653 1599 1715 quoque
1649 1634 2102 1705 Macedonibus,
2139 1638 2238 1714 qui
2282 1635 2508 1695 dudum
2535 1650 2750 1693 uxores

584 1731 895 1803 duxerant,
921 1732 1120 1811 regale
1146 1731 1400 1791 instituit
1426 1730 1778 1791 convivium.
1861 1730 1974 1790 Cui
2002 1749 2136 1790 cum
2167 1749 2376 1790 novem
2401 1729 2588 1790 millia
2605 1748 2750 1790 con-

586 1827 841 1887 vivarum
867 1828 1240 1897 interessent,
1266 1844 1762 1904 unumquemque,
1779 1822 1856 1884 ad
1885 1826 2224 1904 peragenda
2251 1826 2552 1895 libamina,
2573 1844 2753 1886 aurea

580 1922 783 2003 phiala
828 1922 1090 1984 donasse
1140 1922 1374 1983 dicitur.
1456 1920 1682 1981 Eodem
1729 1932 1990 2001 tempore
2039 1941 2212 1981 xxx.
2249 1921 2431 1981 millia
2449 1922 2750 2001 juniorum

583 2017 829 2079 militum
881 2018 1007 2099 pari
1053 2038 1257 2079 omnes
1307 2026 1505 2088 aetate,
1552 2019 1664 2077 sub
1714 2018 2008 2096 prael'ectis
2047 2017 2348 2077 civitatum
2379 2018 2592 2098 partim
2619 2036 2657 2077 a
2683 2036 2748 2078 se

582 2112 974 2184 conditarum,
1018 2115 1231 2194 partim
1276 2114 1451 2174 etiam
1496 2112 1880 2183 devictarum,
1917 2110 1994 2172 ad
2023 2114 2220 2172 omnia
2248 2113 2386 2175 belli
2415 2112 2636 2184 munia,
2678 2130 2748 2173 ac

583 2206 978 2270 Macedonica
1004 2220 1297 2269 armatura
1324 2208 1708 2289 pulcherrime
1735 2208 2006 2269 instructi
2036 2208 2112 2268 ad
2142 2208 2543 2269 Alexandrum
2571 2226 2749 2269 vene·

583 2314 761 2363 runt:
802 2323 953 2383 quos
983 2305 1307 2386 Epigonos,
1333 2303 1395 2364 id
1423 2313 1538 2378 est,
1566 2324 1939 2365 successores
1969 2304 2310 2383 appellavit.
2395 2304 2619 2365 Horum
2642 2304 2753 2364 ad-

580 2408 762 2459 ventu
791 2399 1157 2461 Macedones
1186 2400 1452 2459 nonnihil
1479 2401 1812 2460 contristari
1842 2401 1946 2459 visi
1976 2411 2135 2459 sunt.
2221 2400 2374 2460 Cum
2415 2401 2570 2459 enim
2609 2399 2747 2459 Ma·-

582 2496 841 2557 cedones
890 2497 1167 2558 diuturna
1211 2497 1419 2557 militia
1465 2496 1717 2576 fatigati,
1747 2497 1868 2576 regi
1895 2498 1950 2556 in
1983 2497 2366 2556 concionibus
2396 2515 2556 2575 saepe
2583 2495 2750 2557 oblo-

582 2604 919 2672 querentur,
956 2592 1034 2654 ad
1082 2592 1573 2673 compescendam
1602 2611 1804 2652 eorum
1845 2591 2139 2652 licentiam
2168 2591 2277 2651 hos
2307 2593 2414 2652 sibi
2444 2610 2749 2671 compara-

581 2697 747 2749 verat
784 2687 1019 2758 milites,
1059 2707 1210 2767 quos
1255 2688 1433 2747 etiarn
1481 2687 1747 2747 maximis
1791 2687 2020 2748 ornavit
2047 2687 2370 2747 beneficiis.
2453 2687 2748 2770 Harpalus

582 2793 803 2858 autem,
838 2784 934 2843 cui
976 2802 1081 2842 rex
1122 2782 1465 2864 Babylonioe
1511 2783 1918 2844 thesaurorum
1946 2793 2122 2862 atque
2147 2783 2524 2863 vectigalium
2551 2802 2750 2846 curam

583 2877 1067 2946 demandaverat,
1105 2897 1240 2938 cum
1286 2879 1611 2938 audivisset
1658 2877 1975 2939 Alexandri
2015 2879 2226 2939 virtute
2257 2879 2536 2939 Indorum
2577 2900 2748 2961 reges

585 2973 805 3051 majore
832 2993 906 3032 ex
932 2983 1100 3051 parte
1126 2972 1506 3052 perdomitos,
1547 2987 1608 3035 et
1638 2975 1789 3036 felici
1820 2995 2007 3036 rerum
2037 2975 2296 3036 omnium
2319 2995 2600 3037 successu
2619 2977 2748 3056 jam

584 3067 640 3128 ei
667 3078 883 3129 cuncta
919 3079 1139 3148 patere,
1176 3070 1567 3130 arbitrabatur
1593 3071 1994 3132 Alexandrum
2037 3071 2314 3132 ulteriora
2347 3071 2746 3152 cognoscendi

584 3173 645 3222 et
692 3162 897 3244 gloriae
944 3163 1235 3245 augendae
1283 3165 1749 3247 cupidissimum,
1776 3166 1935 3227 haud
1967 3167 2136 3228 facile
2159 3187 2230 3228 eo
2258 3169 2372 3229 loci
2404 3167 2744 3230 rediturum.

585 3258 827 3320 Deliciis
874 3260 1072 3339 itaque
1115 3273 1293 3342 atque
1320 3261 1487 3322 luxui
1513 3262 1773 3337 deditus,
1806 3265 1920 3323 vim
1950 3263 2244 3324 nobilibus
2273 3275 2451 3344 atque
2479 3264 2748 3345 ingenuis

580 3354 838 3419 foeminis
880 3355 1157 3429 inferens,
1205 3377 1378 3420 omne
1417 3357 1677 3419 libidinis
1726 3379 1915 3439 genus
1945 3361 2227 3420 exercuit.
2308 3361 2539 3421 Vocato
2568 3363 2746 3421 etiam

585 3450 662 3511 ad
708 3472 773 3512 se
820 3454 895 3511 ab
937 3453 1184 3512 Athenis
1213 3454 1429 3532 insigni
1459 3467 1675 3526 scorto,
1703 3457 1798 3518 cui
1828 3456 2110 3516 Potonice
2139 3475 2350 3517 nomen
2369 3457 2528 3528 erat,
2557 3457 2748 3518 eidem

582 3565 703 3606 non
748 3547 937 3606 solum
988 3547 1201 3606 viventi
1244 3550 1495 3609 maxima
1521 3561 1582 3610 et
1606 3549 1768 3629 regia
1793 3549 2034 3609 donavit
2061 3570 2325 3623 munera,
2350 3571 2552 3612 verum
2572 3553 2748 3612 etiam

582 3650 720 3720 post
756 3651 1022 3712 mortem,
1067 3655 1507 3704 monumentum
1554 3646 1992 3706 celeberrimum
2044 3647 2284 3726 triginta
2316 3646 2553 3707 talentis
2599 3648 2657 3707 in
2685 3648 2748 3708 id

581 3735 815 3797 collatis
844 3737 1067 3797 exstrui
1100 3738 1303 3799 voluit.
1388 3739 1499 3798 His
1542 3752 1602 3800 et
1642 3742 1926 3800 similibus
1966 3743 2313 3821 turpissimis
2344 3743 2747 3822 voluptatibus

578 3852 799 3913 magna
824 3833 1091 3912 pecuniae
1120 3854 1349 3894 summa
1375 3835 1685 3909 exhausta,
1712 3857 1844 3898 cum
1873 3839 2234 3916 percepisset
2255 3839 2654 3900 Alexandrum
2673 3859 2748 3900 ex

583 3929 757 3990 India
782 3929 1120 3990 redeuntem
1148 3931 1208 3989 in
1238 3932 1452 3991 multos
1482 3933 1792 4009 praefectos
1822 3935 1898 3994 ob
1938 3934 2188 3994 scelesta
2229 3917 2490 4012 ipsorum
2517 3937 2575 4024 in
2606 3937 2748 3996 sub-

583 4027 741 4088 ditos
768 4027 1032 4087 facinora
1070 4025 1322 4099 delatos,
1348 4025 1600 4106 graviter
1645 4030 2162 4090 animadvertisse:
2207 4029 2419 4088 timens
2447 4037 2607 4109 (quae
2637 4049 2745 4089 sua

583 4134 709 4183 erat
732 4123 1116 4198 conscientia)
1133 4143 1207 4182 ne
1226 4136 1287 4184 et
1306 4125 1414 4184 sibi
1436 4127 1551 4187 tale
1567 4126 1862 4206 quippiam
1886 4125 2272 4202 contingeret,
2294 4123 2560 4185 collectis
2580 4124 2746 4203 quin-

585 4236 701 4296 que
728 4220 983 4279 millibus
1013 4220 1269 4293 talentis,
1294 4241 1424 4282 cum
1451 4243 1553 4282 sex
1576 4223 1830 4282 millibus
1853 4217 2342 4282 mercenariorum
2365 4220 2660 4281 celerrime
2679 4219 2742 4279 in
