3222 4944
1106 424 1185 475 ru
1236 426 1305 487 Q·
1348 423 1611 475 cuum
1665 424 1807 473 arn.
1854 428 1902 474 r.
2417 410 2592 479 1565

408 588 525 650 tur,
564 586 919 656 centumque
948 576 1331 656 septuaginta
1354 575 1594 635 navium
1624 574 1814 655 spolia
1839 575 2064 655 rapuit,
2092 583 2269 653 atque
2313 573 2590 637 militibus

410 672 535 734 suis
562 672 881 733 distribuit.
928 672 1057 733 ·Ne
1105 681 1303 732 autem
1348 671 1409 731 in
1451 669 1630 730 unius
1673 670 1834 731 urbis
1861 668 2172 731 obsidione
2199 680 2398 733 tantus
2425 690 2594 733 exer-

410 770 563 830 citus
607 778 925 840 teneretur,
982 768 1285 847 profectus
1331 784 1469 827 cum
1534 764 1893 839 fortissimis,
1963 766 2184 825 multas
2235 766 2596 828 Chersonesi

408 866 584 926 urbes
626 862 1007 943 expugnavit.
1092 862 1305 921 Filium
1350 860 1565 922 deinde
1593 860 1996 923 Alexandrum
2027 880 2242 923 xvm.
2271 880 2460 923 annos
2485 880 2593 921 na·

407 971 559 1033 tum,
598 959 832 1020 virtutis
866 974 931 1019 et
966 957 1405 1038 promtitudinis
1446 958 1505 1017 in
1549 958 1724 1017 rebus
1781 957 2032 1037 agendis
2073 959 2594 1031 manifestissimoe,

410 1064 478 1117 ut
502 1056 615 1117 sub
640 1056 824 1137 patris
854 1054 1061 1115 militia
1104 1053 1373 1133 tyrocinii
1410 1053 1748 1114 rudimenta
1781 1052 2126 1133 deponeret,
2165 1054 2244 1115 ad
2289 1074 2356 1115 se
2397 1073 2598 1115 accer-

408 1152 565 1215 sivit.
635 1152 787 1212 Cum
812 1170 933 1233 quo
958 1152 1021 1211 in
1051 1149 1355 1230 Scythiam
1382 1148 1696 1228 predandi
1721 1167 1924 1222 causa,
1952 1168 2115 1211 more
2143 1150 2590 1230 negotiantium,

406 1239 707 1329 impensas
735 1247 877 1307 belli
902 1246 1021 1308 alio
1047 1245 1207 1307 bello
1232 1246 1584 1318 refecturus,
1608 1257 1708 1306 est
1730 1246 2052 1325 profectus.
2136 1248 2342 1325 anue
2369 1266 2598 1326 expug-

408 1354 571 1415 nata,
600 1342 808 1422 viginti
836 1340 1026 1403 millia
1052 1360 1365 1421 puerorum
1394 1358 1467 1401 ac
1494 1341 1864 1402 foeminsrum
1891 1352 2089 1421 capta,
2115 1343 2348 1423 pecoris
2375 1360 2598 1421 magna

408 1439 521 1510 vis,
548 1438 676 1499 auri
704 1437 1053 1519 argentique
1080 1437 1265 1497 nihil:
1309 1456 1431 1497 xx.
1458 1436 1646 1496 millia
1672 1437 1955 1497 nobilium
1983 1456 2268 1516 equarum
2295 1438 2374 1498 ad
2403 1458 2594 1517 genus

409 1534 751 1595 faciendum
792 1534 855 1593 in
896 1530 1317 1593 Macedoniam
1346 1532 1531 1592 missa
1557 1543 1721 1592 sunt.
1803 1530 1920 1593 Sed
1947 1533 2262 1593 revertenti
2291 1552 2328 1593 a
2353 1535 2602 1613 Scythia
2730 1527 2744 1537 ”

410 1630 687 1710 Philippo
733 1628 973 1689 Triballi
1019 1636 1357 1699 occurrunt,
1416 1637 1708 1706 negantes
1756 1646 1822 1687 se
1869 1627 2182 1687 transitum
2225 1628 2494 1699 daturos,
2535 1629 2600 1688 ni

410 1724 743 1803 portionem
772 1724 1065 1805 accipiant
1099 1722 1343 1804 praedoe.
1424 1723 1581 1783 Hinc
1619 1722 1904 1802 jurgium,
1951 1740 2090 1783 mox
2116 1733 2178 1783 et
2201 1724 2492 1803 prmlium,
2533 1725 2594 1784 in

410 1840 531 1899 quo
578 1821 661 1879 ita
706 1820 769 1879 in
818 1820 1038 1881 femore
1083 1820 1425 1879 vulneratus
1471 1828 1565 1879 est
1607 1817 1940 1900 Philippus,
1979 1827 2051 1878 ut
2090 1838 2201 1899 per
2225 1838 2442 1899 corpus
2467 1820 2596 1899 ejus

410 1936 603 1997 equus
628 1916 1071 1977 interficeretur.
1126 1916 1279 1975 Cum
1302 1932 1510 1975 omnes
1533 1914 1794 1974 occisum
1823 1924 2120 1993 putarent,
2147 1912 2354 1994 praeda
2379 1915 2598 1975 amissa

412 2024 525 2073 est.
586 2012 1029 2092 Quamprimum
1057 2030 1133 2072 ex
1158 2010 1401 2071 vulnere
1427 2009 1752 2079 convaluit,
1780 2009 1884 2069 diu
1913 2009 2348 2070 dissimulatum
2377 2010 2596 2071 bellurn

413 2106 879 2167 Atheniensibus
902 2107 1101 2167 infert.
1182 2106 1369 2186 Cujus
1396 2123 1581 2167 causa
1606 2106 1876 2165 Thebani
1913 2125 1978 2166 se
2013 2105 2286 2185 junxere,
2331 2116 2598 2167 metuen-

412 2216 527 2275 tes,
566 2221 643 2261 ne
682 2200 855 2262 victis
896 2202 1382 2273 Atheniensibus,
1426 2201 1609 2261 veluti
1651 2202 1910 2261 vicinum
1951 2202 2092 2261 belli
2130 2202 2490 2273 incendium,
2517 2202 2598 2262 ad

414 2318 481 2358 se
506 2296 805 2357 transiret.
887 2297 1043 2356 Inita
1066 2298 1353 2357 societate
1379 2298 1531 2357 inter
1569 2296 1838 2357 civitates
1881 2297 2060 2377 paulo
2099 2309 2237 2359 ante
2284 2298 2598 2359 infestissi-

415 2412 565 2466 mas,
610 2392 1003 2471 legationibus
1048 2400 1238 2451 totam
1282 2390 1537 2469 fatigant
1586 2391 1904 2463 Grmciam,
1951 2412 2320 2453 communem
2365 2394 2598 2456 hostem

415 2489 827 2551 communibus
854 2489 1074 2548 viribus
1100 2487 1591 2548 summovendum
1636 2499 1934 2567 putantes.
2017 2489 2308 2557 Quodam
2333 2491 2602 2550 civitates

417 2597 597 2646 motae
640 2584 1101 2645 Atheniensibus
1146 2601 1279 2644 sese
1318 2583 1616 2662 jungunt:
1661 2582 1952 2661 quasdam
1989 2595 2188 2644 autem
2228 2585 2368 2644 belli
2405 2597 2600 2645 metus

420 2680 499 2741 ad
529 2680 867 2760 Philippum
890 2681 1095 2764 traxit.
1176 2679 1245 2738 In
1274 2680 1387 2739 hac
1412 2696 1620 2758 pugna
1652 2677 1965 2758 Philippus
1992 2677 2394 2738 Alexandrum
2419 2679 2604 2740 fllium

418 2777 589 2838 alteri
624 2794 808 2837 cornu
848 2776 1155 2856 proefecit:
1192 2774 1295 2835 ubi
1344 2772 1740 2836 laudatissimi
1791 2773 2004 2834 Herois
2041 2773 2228 2833 virtus
2275 2774 2601 2836 clarissime

420 2872 683 2934 emicuit.
748 2871 949 2933 Talem
974 2871 1129 2932 enim
1158 2872 1217 2931 in
1246 2870 1455 2932 eadem
1484 2888 1688 2950 pugna
1711 2889 1778 2930 se
1804 2869 2098 2951 proestitit,
2129 2881 2195 2932 ut
2221 2890 2342 2931 uon
2368 2871 2606 2932 inferior

420 2980 611 3050 patre,
651 2969 829 3028 immo
858 2968 1033 3028 etiam
1060 2967 1207 3027 nulli
1232 2964 1531 3028 secundus
1574 2966 1872 3027 extiteritt
1913 2977 2124 3046 postea
2167 2985 2424 3047 quoque,
2467 2985 2602 3026 eam

420 3063 723 3126 victoriam
752 3063 865 3124 sibi
890 3062 1111 3124 invidia
1136 3081 1211 3122 ac
1228 3062 1435 3123 fraude
1454 3062 1640 3142 patris
1661 3072 2014 3141 prereptum
2035 3063 2216 3123 fuisse
2237 3071 2603 3141 conquestus

422 3159 521 3220 sit.
604 3159 941 3219 Commisso
976 3160 1173 3239 itaque
1202 3157 1361 3237 apud
1392 3157 1784 3217 Chmroneam
1811 3158 2038 3238 praelio,
2067 3159 2180 3217 etsi
2205 3158 2605 3219 Athenienses

424 3272 665 3342 numero
691 3253 940 3314 militum
966 3253 1143 3330 longe
1166 3262 1542 3332 praestarent,
1570 3273 1605 3312 a
1637 3251 2068 3312 Macedonibus
2095 3262 2292 3312 tamen
2319 3253 2604 3313 continuo

426 3368 501 3409 ac
528 3347 805 3408 diuturno
831 3347 1095 3408 bellandi
1126 3366 1245 3407 usu
1272 3347 1796 3419 exercitatissimis,
1825 3347 2156 3406 vincuntur.
2239 3345 2376 3406 Non
2407 3359 2604 3408 autem

426 3446 795 3504 immemores
823 3442 1087 3523 pristiam
1116 3441 1321 3522 glorioe
1346 3441 1634 3503 cecidere.
1718 3441 1834 3501 Hic
1861 3439 1989 3501 dies
2016 3440 2308 3500 universo
2333 3441 2606 3514 Grmciae,

428 3551 493 3603 et
518 3540 765 3621 gloriam
793 3537 1230 3610 dominationis,
1256 3547 1319 3599 et
1344 3537 1798 3598 vetustissimam
1825 3536 2148 3596 libertatem
2177 3537 2348 3600 finiit.
2429 3539 2610 3598 Cete-

430 3656 559 3696 rum
584 3655 717 3698 cum
748 3633 1059 3715 Philippus
1087 3653 1317 3715 semper
1344 3653 1487 3712 erga
1515 3632 1916 3696 Alexandrum
1943 3633 2160 3713 optime
2187 3633 2436 3694 affectus
2462 3635 2606 3696 fuis-

435 3742 547 3803 set,
588 3729 828 3791 tandem
854 3748 928 3789 ex
958 3731 1279 3811 Cleopatra
1304 3748 1577 3802 noverca,
1623 3727 1962 3810 Olympiadi
2009 3729 2448 3809 superinducta,
2487 3729 2608 3791 dis-

435 3824 639 3886 cordia
662 3837 793 3886 orta
822 3835 935 3887 est.
1020 3827 1277 3887 Causam
1323 3825 1593 3886 adhibuit
1627 3823 1864 3884 Attalus
1904 3824 2228 3885 avunculus
2254 3825 2610 3905 Cleopatrm,

436 3921 539 4000 qui
565 3941 699 3981 cum
722 3923 783 3982 in
812 3921 1033 4002 nuptiis
1061 3921 1427 3981 Macedones
1456 3921 1876 3992 exhortaretur,
1922 3919 2084 3980 Deos
2125 3931 2380 3992 orarent,
2425 3931 2488 3981 ut
2529 3922 2608 3981 ad

436 4016 605 4095 regni
646 4018 1079 4078 successionem
1120 4017 1419 4095 legitimus
1462 4037 1537 4076 ex
1580 4015 1856 4097 Philippo
1883 4027 1946 4076 et
1971 4015 2290 4095 Cleopatra
2315 4027 2610 4076 crearetur

436 4113 645 4184 hoeres,
686 4113 1129 4175 excandescens
1173 4111 1527 4183 Alexander,
1564 4112 1620 4170 Ο
1665 4113 1990 4191 improbum
2031 4123 2230 4190 caput,
2255 4112 2467 4190 inquit,
2497 4131 2606 4171 nos

435 4227 577 4269 vero
604 4208 711 4269 tibi
738 4209 902 4270 nothi
930 4208 1239 4270 videmur'l
1278 4207 1571 4286 simulque
1610 4207 1670 4266 in
1699 4227 1832 4268 eum
1861 4207 2114 4286 conjecit
2135 4207 2434 4286 poculum.
2516 4207 2612 4266 In-
